4598 6026
814 345 1197 455 ..361-

69 610 154 716 fyrir
170 607 321 685 hanam
346 609 483 713 ¹)[e12a
503 608 639 703 taikn,
668 595 742 710 epa'
761 606 873 708 bein]
885 661 898 702 ,
928 635 977 687 oc
1043 589 1213 688 secanda
1239 608 1444 712 lunutfas
1467 623 1542 686 est.
1608 611 1654 686 di
1678 605 1775 718 effe
1801 609 1970 710 adipales

69 757 183 832 rekrn
202 779 349 832 annuus
371 781 515 832 manna
536 753 659 848 fiiiro,
690 779 738 830 oe
756 745 838 831 ιἰι
862 763 1001 858 mapr·
1045 759 1106 836 vel
1125 757 1321 833 truncum
1341 757 1402 832 vel
1416 780 1505 832 ossa
1523 757 1678 832 adeum
1696 761 1930 858 pertinentes
1946 785 1971 834 e

67 909 123 1004 pet
142 901 198 976 alt
221 925 268 976 er
288 899 388 976 fiiiro
411 929 458 995 ι,
492 899 538 976 ei
557 901 696 1005 lengun
723 925 768 977 er
791 899 852 976 ira
879 898 978 975 fiiiro
1045 929 1150 980 mare
1185 901 1315 979 ablata
1350 905 1391 976 in
1425 903 1590 978 aliermm
1627 903 1719 978 litus
1749 907 1968 1001 ejiciuntur,

66 1043 179 1122 marii
206 1043 247 1144 ²)
258 1047 361 1148 [pecs
386 1071 532 1123 manna
558 1071 602 1122 er
628 1043 799 1124 hvelinn
826 1045 868 1146 a]
897 1072 979 1124 enn
1044 1051 1130 1126 ltoec
1152 1053 1279 1124 omnin
1303 1049 1421 1122 litoris
1442 1049 1595 1124 domino
1615 1050 1779 1139 cedant,
1806 1051 1969 1126 simodo

68 1189 210 1296 ardreg,
234 1215 286 1267 en
306 1191 385 1296 aigi
406 1221 428 1267 a
447 1189 577 1286 hunn,
589 1155 648 1267 'el
662 1216 766 1268 naerr
784 1217 829 1268 er
847 1193 979 1269 mark·
1044 1195 1095 1272 ab
1109 1201 1210 1300 ejus,
1232 1193 1285 1270 nd
1296 1218 1403 1297 qvem
1419 1192 1572 1272 balaena
1588 1199 1670 1294 ipsa
1682 1198 1861 1296 pertinet,
1886 1195 1966 1272 lito-

68 1339 138 1412 ino.
202 1338 243 1437 ³)
258 1337 348 1439 [Sta
381 1337 462 1413 scal
495 1363 542 1412 oc
574 1335 659 1414 fara
694 1353 734 1412 et
764 1363 872 1415 sama
905 1365 976 1416 um
1013 1347 1096 1416 ris
1119 1346 1277 1418 termino
1297 1341 1478 1416 remotius
1497 1339 1649 1429 absint,
1679 1366 1786 1442 qvam
1809 1343 1969 1444 telijae·

69 1509 196 1585 gamar
224 1509 271 1558 oc
300 1483 453 1588 seymi,
493 1509 541 1562 oc
572 1483 630 1560 alt
656 1489 727 1588 pat
755 1509 800 1560 er
827 1482 978 1561 iemaett
1044 1501 1108 1564 tus
1131 1485 1262 1591 effcit.
1326 1485 1436 1590 Qvod
1457 1491 1494 1560 si
1514 1485 1567 1560 ad
1591 1489 1790 1562 terminum
1814 1491 1996 1586 propius

67 1627 145 1702 niu
160 1643 205 1703 ut
223 1625 269 1704 ai
282 1626 507 1727 hvalnom}
1043 1631 1239 1733 adfuerint
1263 1636 1302 1707 ei
1323 1657 1400 1706 non
1424 1631 1577 1707 cedunt.
1637 1633 1744 1708 Idem
1767 1633 1890 1736 qvoad
1911 1635 1969 1705 in·

1045 1783 1185 1856 testina
1209 1777 1375 1854 balaenae
1398 1777 1641 1880 tendinesqve
1665 1777 1869 1853 tenendum
1890 1792 1966 1868 est,

1043 1942 1087 2002 ut
1107 1889 1149 2002 et
1168 1925 1337 2030 qvieqvid
1358 1923 1547 2014 balaenae,
1576 1925 1740 2028 alicujus
1757 1927 1871 2023 pretii
1883 1925 1966 2028 dig-

1041 2097 1133 2148 num
1143 2125 1160 2163 ,
1189 2075 1229 2144 in
1248 2097 1352 2148 mare
1370 2071 1586 2146 retrahitur.

166 2213 216 2289 Es
235 2211 404 2292 hvelinn
427 2213 517 2294 slitr
539 2232 585 2292 ut
608 2223 701 2320 mep
723 2213 894 2312 festum,
929 2240 976 2292 oc
1155 2218 1318 2294 Balaena
1339 2237 1425 2319 qvae
1447 2241 1611 2293 unacum
1634 2217 1889 2294 retinaculi-re
1909 2217 1966 2290 lit·

70 2356 187 2434 rekra
212 2387 357 2437 anneus
380 2388 524 2438 marma
546 2361 668 2455 fibro,
700 2387 747 2438 oc
766 2391 788 2440 ι
807 2389 847 2438 se
866 2369 976 2465 Pana
1044 2381 1124 2442 tore
1144 2363 1343 2453 avellitur,
1377 2379 1416 2439 et
1438 2366 1479 2437 in
1501 2363 1667 2440 alienum
1691 2367 1839 2466 ejicitur
1859 2363 1965 2451 litus,

69 2499 145 2578 hral
169 2531 215 2581 er
236 2535 258 2581 a
281 2505 408 2608 Peirri
436 2505 536 2582 libro
562 2507 635 2585 atti
664 2535 709 2584 er
733 2506 856 2584 lentur
879 2531 977 2583 voro
1042 2537 1130 2588 eum
1158 2523 1359 2614 seqvatur,
1392 2513 1505 2613 eujus
1529 2525 1568 2586 et
1582 2510 1671 2612 suit
1696 2512 1737 2584 in
1765 2508 1874 2584 litore
1902 2505 1969 2584 ubi

69 2645 151 2749 ipset
178 2651 192 2724 i
220 2650 392 2746 bomar,
428 2651 472 2729 ei
494 2679 606 2730 sumr
632 2651 857 2730 sestarstuir
882 2677 975 2728 ere
1040 2661 1200 2757 primum
1221 2655 1440 2732 retinaculis
1443 2655 1578 2758 sunda
1595 2657 1749 2758 alligata
1762 2669 1838 2743 est,
1859 2653 1967 2727 durn-

69 2791 179 2888 landi,
213 2795 335 2899 ⁴)[en
353 2824 464 2874 cumr
482 2799 497 2874 i
516 2797 646 2900 hvaIJ,
677 2799 778 2876 enda
798 2797 884 2874 beri
905 2807 980 2900 pat
1042 2801 1155 2876 modo
1166 2801 1290 2905 aliqva
1305 2801 1595 2877 retinaculorum
1610 2801 1861 2900 disruptorum
1874 2821 1966 2897 pars

68 2940 190 3044 quipe,
225 2941 975 3050 ⁵)atsuma1nhygpihaldnmundo
1043 2950 1086 3022 in
1120 2948 1227 3024 litore
1257 2961 1453 3024 remaneat
1459 3000 1476 3036 ,
1510 2947 1631 3022 altera
1659 2973 1744 3023 vero
1774 2943 1964 3020 laloenam

70 3109 104 3158 er
124 3087 238 3182 festi,
276 3115 323 3164 oc
350 3085 471 3166 balda
498 3089 642 3166 mundi
672 3091 687 3165 i
716 3089 815 3166 slico
842 3089 974 3192 repsi,
1042 3095 1211 3172 avulsam
1230 3107 1432 3195 sequatur,
1458 3093 1688 3198 probentqve
1711 3092 1865 3169 veridici
1882 3091 1966 3168 alli·

70 3241 202 3335 sempa
217 3261 303 3328 rur,
324 3228 582 3338 er'peirfesto
598 3234 785 3330 hvalinn,
808 3235 976 3338 ⁶)[endn
1039 3255 1191 3344 gentem
1224 3241 1401 3340 opinasse
1433 3239 1644 3316 retinacula
1677 3255 1805 3316 tenere
1834 3261 1964 3338 posse,

69 3401 99 3452 te
118 3377 237 3456 lestar
259 3380 338 3484 eigi
364 3381 560 3456 ustertari
584 3409 633 3457 en
658 3383 746 3487 reip
768 3391 849 3486 peu
870 3383 977 3460 Xer
1042 3387 1150 3489 idqve
1166 3385 1298 3460 eadem
1320 3401 1539 3485 tempestate
1557 3407 1642 3488 qvoe
1658 3384 1848 3475 instabat,
1876 3411 1964 3461 eum

70 3525 210 3629 neggia
228 3553 376 3602 manna
395 3526 463 3602 assi
483 3524 596 3603 haldi
615 3525 746 3605 hvert.
808 3527 976 3633 Eigandi
1044 3529 1234 3606 baloenam
1253 3531 1476 3635 alligabant.
1536 3525 1761 3604 Retinacula
1781 3553 1867 3605 vero
1887 3553 1964 3602 nou

68 3671 133 3745 scal
157 3671 270 3749 ιὸὶὶιι
296 3669 465 3748 Ιιιιίῐιιιι
494 3681 587 3776 mep
608 3674 708 3778 scipi
736 3681 809 3777 elue
833 3674 929 3750 rossi
953 3703 977 3752 ιι
1044 3681 1198 3754 minoris
1223 3682 1302 3752 sint
1314 3675 1511 3772 firmitatis
1537 3699 1645 3777 qvam
1672 3688 1791 3748 restes
1815 3673 1963 3762 decem,

70 3841 200 3894 innare
241 3818 385 3894 manne
426 3818 551 3911 fiiiro,
598 3839 656 3895 oc'
685 3837 805 3925 nepta
846 3817 978 3896 enatis
1043 3847 1197 3925 quarum
1219 3823 1371 3926 singula
1392 3819 1541 3896 duobus
1563 3824 1649 3895 viris
1666 3843 1743 3894 nou
1762 3821 1961 3918 rumpitur.

4 4015 5 4018 ,
69 3987 168 4042 neme
190 3979 296 4041 netz.
358 3967 416 4040 En
442 3962 487 4039 ei
505 3973 574 4066 pat
595 3963 689 4040 herr
712 3965 854 4067 qvipr,
887 3965 978 4062 ⁷)at
1043 3967 1246 4088 Baloenam
1267 3992 1377 4043 suam
1399 3965 1739 4042 daminuselitore
1758 3965 1886 4040 aliena
1909 3965 1968 4040 vel

4 4117 5 4142 ³
68 4105 247 4186 hrulrinn
272 4133 456 4186 terrers
478 4105 575 4185 iestr
599 4133 679 4185 enn
703 4135 762 4186 nu
786 4137 857 4186 var
879 4109 975 4205 tint,
1043 4117 1132 4188 navi
1147 4113 1321 4216 velcqvis
1336 4113 1501 4216 auferat.
1546 4111 1843 4214 Praeteraqvam
1860 4113 1966 4186 nulla

1044 4283 1085 4336 re
1102 4256 1157 4333 ibi
1173 4273 1314 4334 utatur.
1378 4257 1487 4362 Qvod
1506 4262 1541 4332 si
1558 4256 1800 4359 pmbaverint
1816 4259 1969 4334 veridici

1045 4401 1236 4480 balaenam
1265 4409 1390 4480 minus
1417 4405 1524 4482 vaide
1550 4428 1659 4505 qvam
1686 4405 1747 4479 iric
1768 4405 1965 4502 praesen'p·

1045 4564 1125 4624 tum
1151 4563 1236 4640 est,
1269 4565 1381 4630 terroe
1405 4549 1595 4653 alligatam
1606 4547 1762 4650 fuisse,
1791 4569 1860 4642 pro
1886 4569 1963 4618 non

114 4837 157 4928 ¹),
182 4837 216 4932 ἰ
230 4853 260 4908 u
278 4837 307 4930 ³)
338 4851 432 4909 unt.
447 4849 569 4908 tntu..
584 4851 700 4910 uuum
715 4857 781 4912 ...u
796 4855 921 4913 omnen.
1096 4836 1130 4932 6)
1161 4853 1256 4912 aneu
1271 4851 1393 4910 ineu...
1409 4851 1524 4910 nem
1538 4849 1603 4907 ...a
1618 4845 1743 4902 onueeu

4 4989 5 5020 r
114 4934 144 5026 4)
168 4951 202 5008 Β
217 4969 288 5010 cum
303 4953 368 5010 auis
382 4953 518 5011 amittit.-
542 4969 582 5010 ea
596 4969 681 5012 eume
695 4952 707 5012 i
723 4949 804 5016 hul.
1098 4939 1131 5032 ⁷)
1155 4952 1188 5014 B
1209 4969 1280 5010 curn
1301 4953 1367 5010 suis
1389 4951 1483 5028 legit.-
1507 4956 1538 5006 ιι
1554 4943 1615 5022 cisi
1633 4941 1737 5007 mundi
1755 4943 1859 5028 huda,
1886 4951 1965 5014 aas.

3 5079 7 5204 l

118 5035 145 5126 ς)
170 5051 204 5108 Β
226 5068 295 5107 rum
317 5052 382 5108 suis
405 5049 499 5128 legit.-
526 5057 556 5107 at
577 5069 628 5110 sva
651 5069 705 5110 var
727 5049 803 5112 tear
824 5047 982 5130 letaldum,⁴
1145 5061 1297 5127 ganemu
1314 5067 1376 5108 nan
1392 5059 1490 5106 tenere
1503 5063 1603 5124 poste.

164 5147 325 5208 balanam
338 5151 387 5208 ita
404 5161 494 5212 ttrroe
510 5148 683 5228 alligatam
689 5149 801 5230 fuisse.

258 5275 317 5348 11.
1669 5275 1730 5350 Ze
