4574 6022
756 355 1134 464 -345-

34 631 98 724 pots
114 643 183 696 eno
207 615 334 692 miani
359 613 503 694 aurisii
527 625 566 694 s'e
586 631 649 706 αῖς
680 623 751 719 pat
770 643 837 694 ero
857 617 914 693 ait
981 623 1033 694 ris
1054 619 1186 694 damni
1205 623 1485 716 (resarcitione)
1506 625 1757 726 conjunctas,
1787 625 1826 697 in
1845 621 1902 698 tes

34 765 153 868 priggia
178 762 295 866 pinge
323 761 437 838 sakan
460 787 527 837 eva
555 779 596 838 et
621 779 699 838 sott
725 789 765 837 se
787 791 811 838 a
837 787 913 837 eno
976 791 1045 868 ges
1067 767 1217 840 tandem
1240 765 1398 842 relatum
1417 782 1477 844 est
1493 792 1560 842 eas
1575 795 1646 868 per
1662 773 1733 844 tria
1750 770 1902 844 comitio

34 907 131 1012 pripia
157 905 302 1010 alpingi
331 923 371 982 et
396 906 560 1008 siporsta
573 960 588 999 ,
620 915 750 1010 papan
779 906 840 983 iro
870 933 914 981 er
980 912 1118 1015 agendi
1123 909 1358 1015 facultatem
1382 891 1542 1004 adesse,
1576 915 1630 988 ita
1652 932 1696 989 ut
1717 919 1757 988 in
1781 915 1903 991 tertiis

34 1053 104 1154 spili
131 1049 262 1154 iregn,
301 1049 346 1126 ei
370 1049 481 1128 baon
510 1077 626 1156 epyri·
653 1051 871 1156 langas-dog
899 1051 914 1126 i
980 1061 1139 1134 comitiis
1159 1057 1424 1159 generalibus,
1454 1061 1490 1132 si
1507 1085 1584 1133 non
1603 1075 1718 1137 antea
1734 1075 1903 1160 pemctoe

34 1195 196 1300 isrdsgom
214 1203 285 1298 epo
303 1193 405 1300 iysr.
446 1195 499 1271 Ei
509 1194 620 1272 boun
637 1197 913 1300 spyrrssporr,
980 1207 1082 1292 sint,
1111 1203 1247 1278 indeo
1269 1219 1433 1306 tempore
1458 1231 1533 1307 quo
1558 1221 1666 1282 actor
1685 1221 1903 1306 competens

35 1351 84 1442 sps
104 1339 197 1444 gosis
218 1341 332 1417 sikin
356 1341 487 1443 siporr
511 1367 562 1416 en
583 1368 649 1416 evo
662 1393 675 1434 ,
709 1349 759 1443 pe
782 1368 805 1416 a
830 1339 914 1414 hon
980 1373 1048 1424 eos
1075 1352 1267 1438 resciscit,
1302 1351 1503 1426 dummodo
1529 1356 1569 1424 in
1595 1353 1656 1427 dt'e
1681 1353 1902 1440 lavationis,

35 1483 188 1562 sistendo
208 1485 253 1561 til
276 1511 343 1562 ens
360 1489 439 1567 lVo
459 1487 592 1592 pinge.
982 1501 1048 1598 qoi
1068 1502 1107 1569 in
1129 1497 1211 1571 dics
1233 1501 1495 1598 migrationurn
1521 1497 1677 1586 incidit,
1705 1497 1771 1572 oei
1788 1513 1904 1572 antea

604 1620 610 1630 ’
980 1647 1212 1746 cognoverit.
1271 1643 1317 1718 Si
1331 1647 1455 1718 serius
1472 1643 1538 1717 vel
1552 1665 1686 1719 causae
1702 1646 1836 1717 notitia
1851 1641 1907 1716 ad

979 1813 1066 1864 eum
1094 1791 1312 1888 pervenerit
1336 1790 1402 1864 vel
1424 1814 1544 1865 causa
1561 1791 1687 1897 fuerit
1709 1803 1793 1863 orta
1801 1838 1818 1877 ,
1850 1785 1906 1861 ad

980 1948 1116 2037 qvurta
1135 1957 1254 2035 usque
1271 1937 1423 2009 comitia
1437 1936 1631 2037 generalia
1648 1937 1787 2036 vigeat.

113 2077 163 2154 Oi
185 2084 268 2181 Isoer
294 2080 411 2158 einer
437 2082 552 2160 soliar
579 2107 623 2158 er
649 2088 758 2184 petto
787 2078 868 2156 mal
898 2079 913 2153 i
1092 2078 1193 2155 Haec
1216 2083 1435 2154 constitutio
1458 2097 1603 2155 tontum
1628 2079 1779 2167 vatent,
1808 2102 1903 2180 qoo-

34 2225 147 2318 psssom
169 2225 281 2325 patti
310 2253 354 2332 er
378 2235 452 2330 apr
477 2253 521 2303 er
548 2227 627 2332 eigi
653 2225 816 2330 nqrepit
838 2223 916 2302 hve
981 2225 1034 2301 od
1055 2249 1196 2302 causas
1221 2227 1336 2328 hujus
1360 2229 1562 2314 sectionis,
1595 2225 1643 2301 de
1671 2222 1807 2326 quibus
1832 2247 1903 2296 an·

34 2361 110 2470 lengi
126 2369 226 2446 sithiu
244 2371 364 2470 scei].
982 2385 1062 2459 teo,
1085 2375 1124 2444 in
1139 2387 1321 2474 qnantum
1336 2375 1514 2472 temporis
1528 2374 1705 2474 uigeant,
1717 2392 1794 2444 non
1805 2388 1906 2468 prce·

732 2603 737 2631 ⁸
969 2515 1125 2613 finitur.

113 2644 179 2741 Pit
199 2685 243 2737 er
264 2687 315 2738 oo
337 2663 445 2740 maeit
466 2659 514 2735 oi
529 2667 600 2764 pat
622 2661 680 2737 alt
697 2686 743 2737 er
762 2660 808 2738 tit
827 2659 917 2764 legs
1101 2659 1178 2736 Ubi
1202 2663 1352 2738 tandem
1380 2661 1472 2766 qvid
1495 2667 1535 2736 in
1561 2663 1675 2765 hujus
1700 2659 1748 2735 dc
1761 2657 1905 2762 fundis

35 2797 175 2906 siorigpe
215 2807 326 2911 gorio
364 2809 430 2907 ²)i
473 2805 746 2908 lendobsigpis
787 2804 916 2908 paetti,
984 2807 1220 2884 retrahendis
1247 2812 1429 2885 sectionis
1458 2811 1681 2908 praescripta
1704 2805 1906 2880 committi·

38 2946 153 3050 ²)[pess
170 2977 212 3028 es
229 2979 292 3028 nu
311 2977 356 3028 er
373 2951 453 3056 eigi
474 2951 577 3046 tint,
606 2951 677 3054 rip
695 2949 795 3027 hves
814 2957 917 3055 gisgu
984 2965 1063 3042 tur,
1086 2977 1210 3055 neqve
1227 2955 1289 3030 tto
1306 2954 1499 3050 definitum
1518 2967 1595 3041 cst,
1619 2971 1796 3054 quterram
1814 2973 1905 3024 auc·

33 3092 110 3170 etia
138 3097 255 3198 scol],
298 3113 340 3173 st
369 3098 479 3202 {seim
510 3097 648 3174 sotem
680 3097 802 3170 ollom
836 3093 919 3171 soal
986 3101 1155 3174 toritatcs
1172 3105 1301 3174 causis
1318 3098 1585 3188 adhibeantur,
1608 3096 1834 3198 praefiniunt
1850 3095 1905 3168 ie·

34 3251 148 3318 stemus
172 3241 363 3337 heimsn,
401 3269 449 3319 oc
475 3243 617 3345 qvepia
647 3241 695 3317 til
724 3239 919 3318 heimilis·
980 3267 1051 3347 ges
1077 3249 1136 3336 (In
1160 3250 1319 3346 genere)
1343 3269 1411 3320 eas
1434 3267 1575 3320 causas
1596 3269 1667 3344 per
1688 3245 1905 3318 citationem

33 3377 87 3458 bus
108 3389 158 3462 lx
183 3418 205 3465 a
230 3388 349 3494 pingi
378 3398 464 3492 peso
492 3413 536 3462 er
560 3404 660 3464 eottr
686 3411 731 3462 er
757 3385 803 3460 oi
825 3385 918 3461 fior·
983 3389 1095 3464 domo
1117 3389 1394 3478 instituendos,
1424 3395 1464 3462 in
1485 3395 1613 3465 causis
1635 3389 1745 3465 ccciiii
1764 3402 1805 3462 et
1822 3411 1907 3486 pro·

33 3523 242 3633 bsugsoakir
260 3559 310 3610 oo
329 3533 685 3639 scoggengseokir,
714 3559 765 3610 en
784 3535 820 3614 V
839 3533 918 3609 buu
983 3535 1201 3632 scriptionis
1238 3559 1372 3608 novem
1382 3586 1399 3622 ,
1443 3537 1484 3607 in
1519 3535 1649 3609 cau‘sis
1684 3531 1906 3605 multaticiis

31 3677 98 3772 Ptr,
123 3705 163 3756 er
183 3679 302 3758 soriti
322 3679 444 3783 liggia
464 3677 549 3781 rip.
921 3711 925 3718 ·
984 3681 1153 3783 quinque
1170 3681 1255 3782 ejus
1272 3685 1312 3752 in
1330 3705 1441 3782 qoem
1457 3683 1584 3780 agitur
1598 3674 1778 3752 domicilii
1789 3699 1905 3750 acco-

983 3824 1032 3898 lis
1049 3827 1089 3898 in
1107 3829 1266 3899 comitiis
1283 3827 1465 3899 euocatis.

232 4073 421 4164 XLVII.
460 4071 680 4160 anoost
1244 4067 1425 4154 Tirosos
1458 4063 1645 4152 XLVII.

988 4229 1059 4309 De
1086 4235 1354 4307 venatione
1381 4236 1447 4323 (in
1478 4233 1678 4330 genere)
1704 4240 1755 4300 et
1779 4225 1907 4300 iocis

79 4295 135 4371 Os
160 4297 344 4402 'eilia'
373 4321 430 4374 ⁰⁰
462 4295 842 4402 'menninssu'
1123 4357 1383 4450 (venandi)
1411 4351 1766 4433 communibus·

29 4477 152 4644 Vespa
185 4575 208 4622 a
242 4543 367 4620 hverr
394 4545 516 4647 'mopr
550 4545 661 4647 fugin
694 4569 742 4618 oo
772 4539 867 4616 fisce
899 4568 923 4616 n
989 4476 1120 4612 Aves
1143 4541 1340 4638 piscesque
1364 4539 1404 4610 in
1427 4537 1576 4634 proprio
1601 4533 1783 4606 territorio
1808 4528 1906 4628 qvis·

28 4679 110 4763 lindi
130 4691 220 4766 sino
248 4691 432 4792 ³)[nema
456 4687 700 4764 heimildum
723 4711 764 4764 so
787 4709 923 4762 annun
988 4707 1062 4786 quc
1093 4695 1277 4769 venetur,
1314 4685 1390 4754 nisi
1413 4685 1518 4780 justo
1546 4675 1652 4748 tinsio
1679 4673 1796 4746 hocce
1816 4673 1906 4766 jure

27 4831 221 4934 vegsaritJ.
282 4837 348 4912 Nu
370 4835 458 4912 tekr
477 4831 590 4909 henn
612 4831 699 4938 fugi
723 4829 924 4908 einkunn·
987 4825 1088 4903 alius
1102 4827 1282 4931 gaudeat.
1336 4821 1448 4927 Qvod
1461 4821 1497 4894 si
1510 4839 1619 4894 avem
1636 4827 1726 4886 nota
1742 4811 1907 4913 disjunc-

29 5019 1906 5064 Μ

66 5155 139 5244 ¹)13
156 5191 231 5230 m
253 5174 319 5232 ,ost
338 5173 433 5249 oga.-
457 5172 470 5232 s
490 5163 583 5258 pem
604 5169 690 5242 mu,
713 5164 778 5226 nae
798 5167 833 5222 tn
853 5179 924 5238 ‚tto-⁴
1040 5151 1073 5242 ²)
1089 5165 1119 5222 e
1138 5148 1166 5240 ³)
1195 5159 1289 5216 omn
1306 5147 1777 5212 momenmentum.

106 5273 191 5330 terta

197 5399 260 5470 11.
401 5481 409 5494 ·
1607 5375 1684 5452 Xx
