4638 6030
820 311 1200 418 ..193-

59 581 143 658 sins
164 575 208 654 ei
226 601 318 672 era,
354 603 398 654 es
419 573 532 652 hanu
553 575 662 652 siiIir
685 575 732 652 til
755 574 981 678 praeldoms.
1051 577 1170 652 tentia
1187 600 1274 652 eum
1292 599 1462 664 sensum,
1487 571 1649 674 pedibus
1667 578 1857 666 vinctum,
1884 597 1971 654 esse
2045 617 2061 638 r

61 729 111 802 Sa
130 755 152 802 a
169 741 249 800 eost
267 739 309 798 at
326 722 455 826 leggia
475 721 655 824 lisgsculd
673 750 695 796 a
714 747 851 824 omega
871 722 984 824 psael-
1048 723 1220 819 definiet,
1245 721 1418 824 bonaqve
1436 725 1520 826 ejus
1535 723 1647 797 alteri
1660 728 1879 812 commissa,
1905 727 1971 824 qui

57 871 153 946 sins.
220 871 383 944 Hanam
407 867 489 982 scal
515 865 625 942 irelsi
656 865 769 969 gesa,
806 866 849 942 ei
871 866 981 944 hams
1049 883 1127 942 tum
1147 874 1277 957 etiam,
1303 873 1520 943 servitutem
1540 893 1604 942 reo
1621 871 1839 958 intendens,
1864 867 1969 944 aien-

54 1013 191 1118 pIcIir
220 1021 308 1116 pess
335 1021 455 1114 verpe
482 1035 600 1104 resa,
639 1037 686 1086 oe
714 997 795 1086 scal
824 1009 980 1088 hanni
1046 1014 1115 1088 dos
1141 1019 1267 1103 servi,
1304 1017 1340 1088 si
1367 1015 1432 1116 qai
1449 1013 1609 1116 fuerint
1632 1017 1827 1115 suscipiat.
1895 1014 1969 1088 Jus

60 1157 274 1266 irialsgiaia
292 1173 360 1234 aett
377 1173 419 1234 et
435 1154 662 1234 tramtsrslo
681 1182 728 1234 oc
746 1171 788 1232 at
805 1155 976 1236 esitiiko.
1045 1166 1158 1236 etiam
1181 1159 1320 1235 babeat
1340 1159 1499 1234 alendos
1521 1163 1625 1234 serui
1640 1187 1712 1261 per
1730 1159 1897 1236 debitum
1915 1159 1968 1234 le·

1041 1307 1129 1407 gale
1154 1304 1228 1380 sibi
1251 1307 1420 1382 addictas
1430 1307 1586 1406 facere.
1644 1305 1722 1383 Hic
1746 1329 1904 1393 seruus,
1931 1305 1969 1379 si

1042 1451 1181 1553 dignus
1197 1453 1387 1540 videatur,
1409 1449 1581 1526 libertate
1597 1467 1660 1526 est
1673 1451 1966 1538 condonandus,

1043 1599 1109 1699 qui
1134 1611 1212 1671 tum
1238 1613 1279 1671 et
1300 1597 1427 1700 quoad
1445 1601 1759 1674 sustentationem
1781 1614 1823 1675 et
1843 1593 1969 1702 quoad

1034 1745 1104 1844 jus
1130 1747 1169 1816 ei
1191 1743 1424 1820 succedendi
1449 1747 1603 1842 patnmi
1616 1747 1791 1848 famiiioe
1819 1743 1966 1822 adscri-

1043 1884 1158 1962 bitur.

284 2003 490 2094 CXVIII.
530 2003 749 2094 Csemams
1292 1975 1484 2094 Taunus
1505 2008 1711 2096 CXVIII.

222 2167 342 2244 lien
360 2193 388 2240 n
407 2195 425 2243 s
444 2193 553 2242 oen
573 2197 594 2242 a
613 2139 682 2268 pe
703 2181 809 2242 tir.
1028 2159 1033 2170 ’
1141 2169 1311 2246 Sectia
1342 2170 1399 2245 de
1431 2169 1864 2274 inquisitionibus.
1924 2182 1930 2192 '

56 2287 127 2426 Sa
158 2356 274 2450 mapr
300 2373 344 2422 er
373 2347 507 2423 missis·
535 2345 609 2422 fias·
635 2346 717 2423 sins
744 2343 855 2420 hann
885 2373 908 2420 a
936 2359 978 2421 at
1043 2288 1175 2424 Bona
1213 2375 1285 2424 sua
1321 2352 1499 2426 amittens
1537 2355 1817 2456 inqvisitionem
1856 2348 1966 2424 insti-

55 2522 240 2587 ransaca,
274 2492 317 2568 ei
336 2491 446 2566 hana
469 2493 558 2570 vill.
617 2495 738 2568 Hann
762 2493 842 2566 scal
866 2491 976 2594 bipia
1044 2496 1178 2570 tuendi
1192 2500 1282 2598 jure
1289 2549 1306 2585 ,
1334 2502 1371 2571 si
1393 2499 1555 2572 uoluerit
1573 2501 1754 2600 gaudeat.
1826 2497 1920 2572 Tam
1943 2519 1967 2568 e

55 2669 176 2718 menn
203 2641 251 2715 til
280 2665 494 2714 ransocnar
521 2647 614 2740 mep
640 2665 703 2714 ser
729 2638 854 2714 innan
882 2635 978 2716 huss
1040 2645 1190 2743 proprio
1213 2643 1426 2731 domicilio,
1459 2669 1571 2745 qvam
1592 2644 1747 2741 praediis
1764 2643 1966 2742 proxumis

55 2815 101 2862 oc
132 2785 179 2862 ai
203 2803 365 2860 naestom
396 2784 557 2875 bbiom,
596 2785 644 2858 til
673 2793 759 2887 pess
790 2811 834 2860 er
865 2782 977 2860 Isana
1042 2793 1145 2864 vtms
1162 2787 1492 2889 adinquirendum
1510 2745 1726 2890 conquirat,
1755 2803 1798 2862 ut
1815 2791 1965 2888 triginta

53 2933 172 3008 hesir
192 2932 309 3008 XXX
334 2957 497 3006 manna.
556 2928 609 3004 Et
627 2955 748 3004 menn
772 2931 869 3006 vilia
895 2931 975 3034 eigi
1042 2933 1195 3010 habeat.
1259 2934 1356 3008 Eum
1375 2939 1483 3036 sequi
1500 2951 1720 3009 recusantes
1739 2939 1849 3008 trium
1868 2955 1966 3007 mar·

55 3079 137 3154 iare
173 3085 268 3178 mep
301 3073 477 3168 hanam,
521 3100 568 3150 oe
600 3084 744 3176 vesper
777 3075 887 3178 peim
922 3081 976 3152 ΙΙΙ
1041 3106 1172 3156 earum
1193 3081 1349 3153 multam
1369 3079 1492 3153 luant.
1553 3079 1661 3155 Ultra
1679 3095 1755 3154 tres
1772 3079 1965 3153 bominum

59 3251 187 3300 marca
228 3222 382 3323 utlegp.
458 3221 581 3295 Hann
622 3219 702 3298 scal
746 3221 825 3324 eigi
868 3197 975 3298 fleiri
1041 3225 1204 3300 decades
1231 3251 1281 3300 ne
1307 3225 1459 3300 babeat.
1527 3226 1813 3330 annisitionem
1841 3225 1965 3298 susci·

59 3397 176 3444 menu
203 3365 298 3442 heia
327 3391 406 3440 eun
435 3361 592 3444 my
639 3369 761 3442 Hann
794 3367 874 3442 scal
902 3375 978 3469 Ises·
1039 3375 1121 3470 piat
1150 3369 1365 3472 ubicunque
1395 3373 1570 3446 voluerit.
1639 3373 1686 3446 Si
1710 3373 1822 3472 plura
1851 3393 1965 3472 quam

59 3511 244 3618 upphefia
287 3536 480 3588 rannsocn
526 3539 570 3588 er
610 3509 723 3588 hams
765 3513 854 3588 vill.
929 3511 981 3589 Ei
1044 3542 1161 3590 unum
1189 3521 1376 3617 inquirere
1402 3517 1565 3592 voluerit
1585 3519 1758 3616 proedia,
1790 3541 1837 3590 ea
1863 3513 1969 3586 baud

59 3659 173 3734 hana
206 3657 275 3734 sill
312 3657 418 3732 sseiri
457 3655 626 3758 bolstapi
665 3684 857 3734 rannessa
896 3683 976 3733 enn
1040 3664 1320 3762 petetervebat,
1357 3683 1445 3762 qvae
1470 3657 1766 3760 proxima'sunt
1789 3665 1860 3746 iis,
1898 3655 1965 3731 ubi

61 3806 181 3900 einn,
214 3829 257 3880 oe
280 3805 360 3879 scal
385 3800 495 3879 hams
523 3802 602 3906 eigi
628 3801 706 3908 yfir
728 3801 834 3879 heiia
858 3831 978 3879 rann·
1042 3812 1318 3910 inquisitionem
1338 3803 1552 3906 incipiebat.
1613 3805 1702 3880 Viri
1716 3805 1773 3879 iiii
1786 3823 1967 3906 conquie-

62 3977 147 4028 socn
171 3979 242 4026 um
263 3958 314 4052 pa
335 3947 505 4052 boletapi
529 3975 574 4025 er
594 3948 706 4051 peim
730 3975 799 4025 ero
823 3950 973 4046 noestir,
1040 3955 1107 4028 siti
1123 3957 1370 4054 sepimentum
1389 3924 1634 4028 domesticum
1651 3951 1803 4052 proedii,
1827 3947 1895 4024 ubi
1909 3951 1966 4020 in·

66 4121 100 4170 er
127 4095 238 4171 hams
271 4091 348 4170 hof
372 4122 455 4200 app
486 4121 700 4172 rennsocn.
766 4081 863 4180 Peir
894 4098 977 4174 lax-
1041 4103 1277 4202 quisitionem
1292 4103 1487 4174 instituere
1498 4113 1654 4198 parant,
1671 4098 1826 4172 adeant.
1871 4095 1967 4170 Tres

68 4265 175 4316 menn
200 4241 309 4318 scola
336 4267 461 4344 gange
487 4259 529 4317 at
553 4209 664 4346 gbrpi
687 4251 784 4344 par,
819 4268 864 4318 er
885 4243 976 4345 peis·
1039 4245 1274 4320 solummodo
1298 4247 1442 4324 vallum
1470 4249 1717 4346 transgressi,
1749 4243 1880 4316 domos
1899 4240 1966 4314 ad·
1995 4289 1999 4296 -

75 4385 153 4462 siin
179 4413 390 4464 musaea.
466 4373 562 4469 Deir
592 4388 698 4464 scola
731 4391 788 4462 111
821 4386 927 4462 einis
959 4388 975 4464 i
1040 4405 1146 4466 eant.
1212 4393 1515 4494 (inqvisitionem
1542 4393 1763 4475 instituens)
1788 4391 1866 4484 ipse
1892 4399 1963 4456 ter-

69 4541 153 4636 gsrp
169 4561 294 4638 gange
304 4587 319 4626 ,
350 4557 397 4608 oc
416 4531 464 4609 til
484 4529 603 4625 huss,
632 4532 744 4609 hann
763 4535 844 4610 scal
862 4531 976 4610 sialir
1042 4539 1120 4611 tius
1137 4543 1203 4625 sit,
1226 4537 1291 4610 vei
1305 4539 1406 4611 alius
1424 4540 1527 4640 qvis,
1550 4535 1616 4636 qvi
1634 4537 1674 4606 in
1692 4525 1860 4607 dicendis
1877 4529 1961 4628 ejus

62 4703 130 4754 ems
153 4681 287 4782 lsrspi,
318 4685 389 4780 elus
412 4703 451 4754 se
475 4687 592 4782 maps·
613 4705 657 4754 er
679 4677 790 4755 hams
813 4677 884 4756 iaer
908 4681 973 4776 til,
1041 4697 1131 4788 agat
1147 4689 1267 4759 uices·
1326 4682 1500 4757 Testibus
1517 4673 1691 4752 adhibitis
1710 4675 1890 4746 rusticum
1909 4669 1964 4746 ibi

58 4843 93 4900 st
108 4827 222 4902 maele
243 4825 391 4902 malam
409 4823 557 4900 sinam.
615 4827 735 4900 Hann
758 4827 838 4902 scal
858 4825 975 4928 beipss
1041 4827 1274 4903 habitantem
1292 4827 1478 4926 postulet,
1508 4835 1607 4894 utet
1621 4821 1700 4914 ipse
1717 4829 1756 4892 et
1772 4841 1903 4892 amnes
1920 4821 1960 4892 iu

57 4969 207 5048 boanda
237 4979 347 5072 pann
376 4996 420 5046 er
444 4977 521 5071 par
545 4971 622 5076 bys·
647 4979 741 5072 mep
766 4987 897 5064 vetis,
935 4987 977 5047 at
1039 4973 1183 5072 proedio
1201 4985 1432 5072 praesentes,
1461 4938 1700 5041 seburitatem
1723 4967 1822 5038 inter
1840 4966 1961 5066 inqui·

50 5115 163 5196 Isanu
188 5143 236 5192 oc
256 5115 348 5220 peis·
369 5141 414 5190 es·
434 5113 539 5221 syris
560 5141 651 5208 era,
684 5115 775 5192 festi
797 5117 906 5218 peim
928 5141 976 5194 ac
1042 5117 1200 5192 rendum
1223 5114 1332 5188 morio
1354 5111 1466 5214 legali
1484 5129 1525 5186 et
1544 5107 1782 5218 suppeditent
1799 5123 1837 5182 et
1850 5115 1963 5212 june-

56 5257 240 5344 Iandsali
275 5261 364 5364 grip
397 5277 439 5340 at
469 5263 601 5366 lbgam
635 5260 684 5336 sil
716 5287 974 5338 sannsoenar.
1043 5267 1091 5336 tis
1118 5262 1266 5336 dextris
1291 5257 1537 5356 stipulentur„
1608 5253 1691 5342 Nec
1719 5259 1878 5328 rusticus
1903 5253 1964 5327 iiie

250 5407 310 5482 11.
1679 5395 1751 5469 Bb
