4656 6022
1151 347 1498 454 ..60-

384 653 386 660 ·
415 645 485 684 cum
500 624 671 683 latinorum
686 639 777 698 nepos
794 629 823 676 et
834 619 969 694 gracie:
994 634 1152 688 restruit,
1176 613 1287 672 indiu-

415 758 473 805 tos.
528 748 602 804 Huc
621 746 718 802 etiam
725 739 815 818 facit
832 760 899 818 qooe
916 736 1021 815 adfert
1037 733 1231 794 doctissimus
1245 737 1285 795 K.

1405 613 1445 674 ok
1458 611 1567 690 nonni,
1591 616 1732 674 animum
1749 613 1872 684 induco,
1895 615 2024 690 aclJ‘scta
2040 616 2207 692 negatione
2222 619 2263 686 (ia
2313 587 2314 596 ἵ

1402 738 1587 812 soepissime)
1607 737 1696 806 nolo,
1721 757 1833 796 recuso.

416 865 545 928 Amber
577 868 613 924 in
639 865 798 941 glossario
831 859 946 918 codicis
978 859 1082 934 legum
1110 857 1287 915 Juticarurn
1352 856 1430 933 Nes,
1456 877 1486 915 n.
1495 899 1507 927 ,
1539 858 1685 936 quicquid
1703 833 1877 936 prominet,
1902 858 2028 934 lingula
2055 869 2169 926 terroe,
2195 875 2264 933 prc-

417 991 472 1050 snb
488 989 555 1050 nivi
572 987 693 1060 (eadem
706 987 792 1055 voce)
800 1023 813 1052 ,
834 981 889 1041 sed
900 979 1105 1038 nihilominus
1118 982 1288 1056 soepissims

414 1133 473 1192 pro
502 1121 637 1188 cognato
657 1111 692 1166 in
707 1125 818 1184 genere
838 1101 1032 1192 adhibetum
1063 1100 1116 1158 Sic
1133 1103 1168 1158 in
1186 1101 1289 1158 codice

418 1237 524 1294 lutico
536 1235 560 1310 Ι,
584 1235 635 1308 31,
660 1233 706 1288 sic
725 1227 892 1304 Grbgboa:
916 1226 969 1285 nis
986 1221 1057 1284 nidr
1071 1218 1125 1282 eda
1137 1221 1212 1298 ncfi,
1236 1243 1289 1280 oo-

419 1359 480 1415 cisi
503 1352 684 1413 decoersdens
705 1352 755 1412 uel
773 1352 963 1430 propinquus
987 1346 1053 1407 Vol.
1076 1346 1126 1404 15.
1194 1344 1288 1404 Edda

420 1478 513 1536 Sam.
529 1494 642 1534 novam
657 1485 791 1533 statuere
803 1471 924 1531 videtur
932 1469 1205 1548 significationem,
1219 1489 1289 1527 cum

420 1602 456 1658 u
475 1561 678 1684 pronagosr'
701 1595 797 1656 osi...
815 1595 908 1671 xw,
946 1594 984 1670 5,
1017 1590 1151 1650 ussum
1174 1591 1290 1664 onan

411 1721 523 1796 filium
539 1730 628 1778 vocat
643 1717 736 1778 Nitor
750 1717 828 1776 nefa.
880 1715 943 1774 Sed
956 1735 1012 1772 cnr
1027 1681 1154 1792 cognati
1169 1714 1204 1770 in
1218 1713 1289 1772 nef-

420 1841 495 1920 gildi
510 1852 540 1900 et
556 1843 673 1917 agnati
687 1843 722 1898 in
737 1838 906 1917 bsuggildi,
928 1858 991 1896 esse
1005 1836 1174 1896 dicuntur?
1220 1834 1291 1908 Nefi

421 1975 457 2021 ut
475 1975 568 2022 antea
585 1962 654 2020 dixi
666 1964 822 2039 primarie
839 1971 976 2038 nepotem
993 1958 1119 2016 denotat
1126 2000 1137 2027 ,
1161 1969 1190 2015 et
1205 1955 1290 2016 lianc

421 2085 688 2161 significationem
710 2087 743 2141 in
762 2079 1039 2140 commotionibus
1054 2078 1198 2155 nefgildi‚
1219 2077 1290 2136 nes-

422 2204 569 2286 gildingr,
599 2199 843 2282 nefgilbismadr‚
870 2221 991 2260 servare
1017 2199 1158 2268 videtur,
1184 2201 1233 2256 ita
1257 2209 1292 2255 ut

421 2324 620 2402 neigildingr,
642 2326 768 2402 proprie
786 2325 847 2380 sit:
878 2325 932 2401 qvi
949 2339 1017 2378 cum
1035 2331 1141 2398 nepote
1155 2339 1293 2377 commu-

424 2466 493 2504 nem
509 2447 602 2524 'capit
621 2457 750 2514 sortem,
777 2447 894 2522 nepotis
914 2443 1122 2522 aequivalens,
1148 2453 1178 2502 et
1196 2441 1292 2520 beug-

425 2563 616 2646 gildismsdr‚
633 2569 686 2646 qvi
703 2567 877 2624 maximam
896 2565 1082 2624 anmilorum
1097 2564 1292 2622 multaticio-

425 2709 495 2747 rum
506 2701 636 2767 partem
657 2699 687 2746 et
706 2691 793 2766 capit
813 2700 842 2746 et
863 2690 964 2747 solvit.
1024 2687 1061 2744 Si
1080 2686 1221 2764 Bougctal
1240 2689 1293 2743 in-

423 2813 571 2890 spicimus
599 2811 780 2890 apparebit,
816 2823 967 2888 cognatos
991 2808 1101 2888 ubique
1125 2829 1162 2866 ex
1186 2807 1292 2866 eadem

425 2935 549 2992 ratione
571 2932 617 2990 ad
637 2931 801 2991 homicidii
822 2933 954 2989 multam
976 2931 1026 2991 vel
1049 2930 1293 3007 capiundumst

425 3053 603 3114 solvendam
618 3054 763 3124 admitti,
783 3074 821 3112 ac
836 3063 959 3130 nepotos
974 3073 1011 3110 ee
1017 3053 1105 3125 fllia.
1149 3051 1202 3109 Sic
1208 3049 1294 3127 fra-

424 3186 487 3234 tres
503 3177 619 3232 uterini
634 3175 825 3252 cumfratre
842 3194 879 3231 ex
890 3185 986 3250 patre
1004 3173 1049 3232 ad
1064 3172 1215 3230 annulum
1232 3174 1294 3230 tri-

425 3296 598 3354 maroalem
620 3296 810 3372 capiundum
832 3306 1042 3353 concurrentes
1068 3291 1149 3350 duas
1175 3313 1293 3352 marom

422 3428 533 3496 partes
551 3417 692 3494 capiant.
745 3415 834 3476 Anus
853 3427 1009 3475 maternus
1026 3427 1055 3474 et
1074 3435 1166 3494 nepos
1185 3437 1201 3474 e
1211 3416 1293 3502 filia

352 3527 359 3544 ⁸
426 3537 620 3596 tantumdem
634 3539 747 3596 annuli
757 3540 874 3613 viginti
883 3540 1048 3596 unciarum
1055 3535 1198 3614 capiant,
1212 3539 1294 3598 duas

1405 981 1593 1037 montorium
1599 1021 1611 1049 ,
1638 980 1680 1039 ok
1695 981 1761 1042 skal
1775 979 1856 1060 fyrir
1869 998 1923 1038 nes
1937 973 1997 1066 {tar
2012 975 2114 1056 girba,
2135 979 2180 1037 ibi
2193 999 2263 1056 sepes

1403 1101 1546 1178 lingulas
1564 1103 1793 1178 circumflectat
1811 1100 1955 1180 th.15,
1978 1100 2048 1161 vide
2063 1101 2162 1178 gloss.
2178 1100 2264 1158 Euda

1405 1225 1495 1281 Soem
1516 1223 1571 1282 sub
1584 1224 1662 1298 Nes,
1685 1223 1811 1304 nesjom.

1353 1347 1523 1423 thnaemr,
1560 1346 1637 1420 adj,
1670 1347 1785 1404 retibus
1810 1345 2010 1424 capiundum
2043 1343 2090 1404 tls.
2114 1353 2182 1422 net,
2211 1357 2263 1404 rete

1404 1475 1437 1541 (o
1453 1491 1478 1526 r.
1491 1489 1541 1546 gr.
1557 1471 1643 1548 νηδω,
1666 1469 1876 1546 conglomero)
1891 1479 1921 1526 et
1934 1441 2043 1545 noim,
2064 1469 2121 1547 qvi
2135 1469 2263 1545 capipo·

1407 1602 1465 1648 test
1479 1585 1531 1670 (ek
1544 1611 1613 1650 nem
1620 1636 1629 1670 ,
1656 1612 1702 1670 qo.
1717 1595 1761 1662 v).

1355 1712 1483 1790 thlog,
1506 1733 1535 1770 n.
1548 1713 1592 1790 pl.
1599 1755 1612 1782 ,
1636 1713 1707 1771 loca
1724 1716 1836 1771 retium
1849 1712 2060 1792 ponendorum
2075 1708 2264 1791 inprinussscd

1400 1834 1522 1913 phocas
1538 1833 1714 1913 capiundas
1721 1855 1736 1907 ;
1761 1834 1805 1894 th.
1820 1843 1874 1896 net
1888 1857 1915 1895 ν.
1931 1842 2079 1896 ncmaemr
2098 1845 2128 1892 et
2142 1833 2181 1894 ek
2193 1833 2263 1910 legg,

1355 1981 1356 1984 ¹
1402 1979 1493 2034 pono.

1355 2075 1457 2158 Neydi
1472 2080 1528 2156 ck,
1551 2101 1579 2140 o.
1594 2099 1678 2158 cogo.
1727 2080 1798 2158 Eigi
1812 2081 1876 2140 skal
1889 2076 1970 2140 satir
1984 2073 2085 2159 ucyba
2100 2077 2199 2137 dcitur
2210 2076 2262 2134 sine

1405 2201 1441 2260 til
1458 2197 1544 2277 reida,
1565 2215 1659 2279 pater
1669 2203 1782 2277 filiam
1803 2223 1895 2261 suam
1915 2201 1960 2262 ad
1975 2203 2207 2260 matrimonium
2221 2201 2263 2256 in-

1407 2322 1538 2380 eundum
1560 2322 1651 2382 baud
1668 2337 1762 2402 cogat
1783 2318 1833 2410 sp.
1851 2329 1870 2382 2
1877 2345 1886 2400 ;
1912 2323 1957 2382 tls.
1976 2299 2070 2398 asub,
2095 2322 2164 2380 vide
2181 2314 2264 2379 naub-

1409 2443 1561 2522 ahandsal,
1582 2460 1753 2525 cognatum
1767 2469 1837 2506 cnm
1848 2466 1900 2524 gr.
1915 2470 2018 2520 γυπω,
2038 2445 2175 2522 impello,
2191 2441 2264 2498 oide-

1409 2579 1462 2624 tur
1475 2580 1613 2627 nostrum
1625 2569 1665 2628 ck
1677 2568 1774 2628 nudda
1781 2616 1796 2645 ,.
1805 2569 1895 2646 srico
1900 2610 1913 2640 ,
1936 2571 2033 2628 etiam
2040 2567 2189 2645 propello.

1357 2690 1451 2770 Neyti
1469 2690 1524 2766 ek,
1549 2713 1577 2750 o.
1595 2711 1739 2750 consumo
1746 2735 1758 2762 ,
1784 2711 1906 2764 vescon·
1934 2690 1977 2749 tle.
1992 2699 2060 2767 not,
2085 2689 2208 2748 utilitas
2221 2681 2262 2776 (sk

1410 2821 1484 2892 nyt,
1507 2825 1597 2883 utor,
1611 2813 1735 2892 sruor).

1358 2935 1467 3014 Nemi,
1492 2955 1543 3006 n.,
1575 2938 1729 3007 societas,
1760 2938 1859 3007 socii,
1891 2935 2050 3008 adiutores
2072 2937 2109 2993 in
2133 2955 2164 2994 re
2179 2931 2263 3013 perfi-

1409 3057 1519 3116 cienda
1527 3099 1539 3128 ,
1563 3058 1604 3116 id.
1620 3057 1665 3116 tls.

1358 3175 1435 3257 Nid,
1458 3199 1487 3242 n.
1496 3221 1508 3250 ,
1533 3179 1686 3258 probrum
1690 3223 1703 3251 ,
1728 3201 1856 3240 carmen
1868 3181 2052 3259 fonsosnm,
2076 3176 2265 3242 derivandos

1410 3301 1531 3361 videtin
1558 3323 1580 3360 a
1603 3299 1691 3380 nido,
1718 3303 1788 3362 ado.
1798 3345 1810 3374 ,
1836 3303 1977 3363 deorsim.
2033 3303 2086 3362 Sic
2106 3321 2159 3380 gr.
2182 3319 2265 3370 aare,

1382 3421 1385 3428 ’
1408 3425 1444 3481 in
1459 3428 1685 3484 constructione
1700 3447 1770 3486 oum
1783 3422 1855 3504 lones
1871 3449 1899 3488 ν.
1915 3428 2031 3509 Omitto,
2052 3425 2206 3504 decpemus
2218 3437 2266 3478 nt·

1409 3548 1523 3604 tiorum
1539 3547 1690 3607 admittit.

425 3681 530 3752 nempe
542 3671 673 3744 partes,
695 3659 846 3718 sedocus
861 3671 1013 3736 paterinis
1032 3672 1062 3718 et
1077 3679 1169 3736 nepos
1187 3661 1293 3734 ofilio
1359 3663 1521 3748 Nidgjold,
1543 3689 1572 3728 n.
1587 3671 1633 3748 pl.
1651 3674 1702 3743 (in
1715 3675 1796 3749 sing.
1812 3667 1974 3753 nidgjdd),
1995 3667 2268 3749 ooedisfamilicrir

426 3795 496 3844 tres.
556 3784 608 3842 Ex
636 3781 744 3840 eadem
770 3785 893 3840 ratione
920 3782 1031 3840 annuli
1052 3781 1240 3842 bimarcales
1265 3793 1295 3842 et
1411 3795 1573 3869 reparatio
1580 3811 1594 3862 ,·
1624 3793 1668 3852 tlt.
1690 3791 1776 3870 aibr,
1798 3815 1846 3874 qv.
1869 3817 1897 3855 o.
1921 3804 1950 3852 et
1973 3791 2067 3873 gjcld,
2093 3794 2204 3852 solutio
2223 3785 2267 3867 (ek

392 3945 396 3953 ·
425 3905 585 3966 dsecdeoim
604 3906 767 3962 unciarum
784 3903 829 3962 ad
843 3887 992 3982 cogriatos
1009 3904 1182 3964 deveniant.
1235 3905 1298 3966 Sed
1413 3909 1493 3992 gild,
1519 3916 1678 3992 expendo).

425 4025 571 4107 quicquid
599 4029 661 4093 eit,
698 4027 803 4101 magis
831 4027 1036 4102 plausibilem
1066 4027 1296 4088 denominatio·
1360 4032 1456 4113 Nido,
1480 4057 1520 4094 m.
1528 4077 1540 4105 ,
1561 4041 1772 4118 propinquus,
1785 4039 1900 4113 filius,
1923 4037 2113 4098 &mudena
2165 4037 2268 4098 PrlM

428 4149 477 4208 nis
494 4147 648 4204 rationem
667 4145 791 4221 adferre
806 4166 925 4225 nequeo.
1411 4159 1606 4236 significatio
1620 4162 1655 4218 in
1669 4161 1824 4238 Gragasa
1838 4163 2007 4240 sepissime
2020 4157 2212 4220 adrnittenda
2225 4157 2269 4218 td·

1412 4279 1501 4338 detur
1517 4293 1553 4340 ut
1569 4275 1634 4370 ΑΙ).
1654 4285 1690 4358 1,
1716 4283 1770 4342 Ob.
1788 4287 1826 4360 3,
1853 4283 1911 4360 osr
1924 4302 1975 4360 gr·
1991 4307 2109 4362 γνωτος.

1358 4397 1508 4480 Nidrtall,
1533 4423 1576 4472 n.,
1600 4423 1744 4472 occasus,
1768 4402 1942 4475 decidium,
1963 4402 2088 4466 nidrtall
2100 4402 2200 4482 sehr,
2219 4399 2271 4466 ab·

374 4261 490 4343 Nosne,
503 4265 559 4346 fi,
593 4265 823 4338 denominatio,
848 4269 918 4328 vide
942 4269 1118 4348 domuerat,
1142 4264 1293 4358 albingn-

425 4389 525 4452 ncfns.
559 4387 561 4390 ’

375 4497 455 4581 Noni
474 4513 530 4590 ek,
553 4534 582 4571 v.
604 4511 716 4588 capio,
740 4509 863 4581 adim.
885 4514 1005 4584 eximo,
1029 4517 1172 4594 arripio,
1196 4519 1296 4575 etiam
1411 4523 1500 4582 alitio
1521 4545 1645 4594 cnusoe,
1670 4527 1803 4584 cessatio
1817 4525 1906 4599 tnis5
1932 4525 1977 4586 tle.
1991 4523 2078 4604 nido,
2103 4525 2271 4586 marimo

425 4635 533 4706 disco.¹
581 4633 623 4696 At
647 4653 733 4694 neme
756 4629 846 4712 blod,
878 4653 993 4694 venam
1018 4657 1124 4696 secare
1144 4639 1218 4698 -Vel
1234 4636 1296 4698 94.
1413 4641 1453 4704 ck
1467 4643 1537 4719 tell,
1559 4645 1646 4718 cado.

426 4759 470 4858 pt
489 4775 577 4816 neme
598 4756 694 4817 mtlt
717 4755 826 4816 deniko
847 4755 954 4836 tingo,
985 4779 1023 4816 ee
1043 4759 1155 4836 iingim
1178 4759 1296 4819 danica
1361 4761 1544 4845 Nidstsnng,
1568 4767 1603 4846 f.
1611 4810 1625 4840 ,
1657 4772 1781 4847 pertico
1805 4770 1964 4848 samona,
1986 4771 2106 4848 figura
2128 4769 2270 4850 samara,

425 4879 519 4941 verba
533 4879 645 4957 facere
667 4877 788 4938 discere.
851 4879 893 4940 At
916 4899 1006 4940 nemo
1027 4881 1137 4958 vorke,
1168 4900 1295 4940 carmen
1411 4907 1506 4968 qvam
1523 4892 1558 4948 in
1575 4891 1661 4968 ligno
1675 4891 1868 4969 exsculptam
1881 4892 2041 4970 erigebant
2055 4889 2272 4952 oeteresinin·

416 5003 583 5080 famosum
604 5000 726 5058 discere.
784 4999 827 5060 At
848 5021 936 5061 nemo
955 5021 1046 5063 mann
1068 5023 1105 5063 or
1127 5001 1225 5080 domi,
1257 5025 1297 5065 es·

1411 5013 1575 5072 imicorum
1591 5015 1828 5084 contumeliam,
1853 5013 1911 5092 ψ.
1927 5015 2125 5092 agoniam
2150 5009 2193 5070 tls.
2209 5003 2271 5082 nit,

422 5123 544 5192 judicio
560 5125 662 5180 virum
678 5122 911 5210 denominatum
927 5124 1099 5202 reprobare.
1410 5153 1458 5210 qv·
1475 5155 1504 5196 ν.
1525 5146 1555 5194 et
1569 5145 1690 5212 snung,
1706 5137 1843 5211 pertica.

372 5240 639 5322 Nennlngarleysi,
659 5262 689 5301 n.
696 5283 709 5313 ,
724 5341 725 5346 η
732 5246 873 5322 pigritia
879 5286 892 5318 ,
914 5245 1034 5308 laboris
1050 5255 1224 5324 ransom,-
1247 5249 1291 5311 tlt.
1359 5251 1426 5316 Niti
1438 5253 1496 5338 ck,
1516 5278 1546 5318 o.
1564 5275 1653 5335 nego,
1668 5249 1894 5344 recuso,‘12ci·m
1908 5274 1944 5318 er
1959 5249 2031 5318 (tud
2045 5271 2155 5337 grem
2172 5271 2206 5318 cr
2218 5243 2272 5343 Itvl
