4656 6022
1134 339 1481 447 ..86-

344 607 485 684 Umbun,
508 607 541 684 f.
552 647 564 675 ,
598 607 826 684 compensatio,
862 607 1032 683 repensatio
1041 646 1053 674 ,
1089 605 1206 681 legitur
1237 619 1268 664 et

392 730 522 803 (imbuo,
548 727 604 806 cfr.
621 748 670 806 gr.
687 729 817 808 upssssn,
842 729 1058 805 compensatio.

343 850 532 928 Umhverfis,
559 851 630 910 asle.
638 894 651 921 ,
681 855 799 908 circum
824 854 930 920 circa;
961 849 1004 907 tls.
1031 869 1100 925 um,
1126 851 1214 906 circa
1238 861 1267 906 et

395 972 518 1050 hvorsr,
554 974 729 1042 versatilis,
761 971 872 1047 hvcrfi,
902 971 1171 1049 circumferentia,
1207 969 1265 1048 cfr.

390 1115 441 1174 gr.
455 1123 560 1180 will,
583 1095 725 1153 circulus.

344 1219 501 1292 Ummaeli,
534 1239 585 1287 n.,
617 1219 815 1287 constitutio,
846 1229 947 1296 pacta
981 1215 1147 1294 stipulata.
1215 1214 1268 1274 ok

394 1339 482 1399 skolo
513 1339 554 1398 611
582 1333 686 1426 [mirra
710 1341 843 1400 ummaeli
868 1339 998 1412 haldan,
1032 1339 1138 1396 omnio
1165 1355 1268 1394 eorum

393 1474 495 1539 pacta
515 1462 668 1538 stipulata
686 1464 833 1534 valeant5
859 1462 988 1539 tinum,
1013 1464 1131 1520 circum
1150 1472 1177 1518 et
1194 1459 1268 1535 mtl,

395 1605 443 1662 qv.
460 1607 487 1642 1¹·

344 1705 482 1784 Umnffir,
504 1710 763 1786 impersonaliter,
786 1713 974 1789 assequitur,
987 1707 1066 1782 fieri
1074 1715 1184 1783 potest.
1227 1703 1272 1764 Es

395 1823 454 1916 Itvi
475 1849 529 1890 um
549 1831 630 1910 niis,
657 1836 686 1892 si
700 1832 850 1910 possibile
864 1831 988 1910 suerit,·
1011 1829 1054 1886 tlt.
1079 1847 1138 1886 um*
1152 1829 1271 1884 circum

394 1965 424 2011 ot
436 1951 475 2012 ck
489 1974 550 2030 nm,
573 1958 746 2014 nanciscor.

344 2072 473 2152 Umril,
501 2097 529 2134 n.
542 2079 607 2154 pl,
630 2079 818 2136 consultatio
828 2098 840 2147 ,·
865 2077 902 2134 til
917 2068 1040 2132 umrida
1056 2069 1126 2130 moti
1139 2067 1200 2146 sir,
1228 2068 1274 2127 ad

395 2195 633 2257 consultandum
652 2219 756 2256 eccum
769 2193 864 2284 Lrp.;
888 2196 931 2253 tls.
952 2216 1006 2252 um
1026 2205 1055 2252 et
1071 2189 1142 2270 rtd,
1167 2193 1271 2248 consi-

394 2322 490 2388 lium,
517 2341 563 2397 qv.
583 2343 610 2380 a.

345 2438 477 2516 Umrid,
495 2461 524 2496 n.
534 2442 592 2517 pl,
614 2445 660 2499 rei
672 2452 832 2519 potestas,·
855 2439 899 2500 tls.
916 2435 986 2518 rto,
1011 2441 1160 2514 regimen,
1183 2456 1229 2514 qv.
1241 2455 1269 2495 ν.

345 2565 407 2624 Um
421 2563 503 2638 sinn,
535 2563 676 2632 adverb„
703 2549 746 2621 tls.
765 2576 859 2622 umet
875 2563 957 2640 sinn,
982 2583 1029 2640 qv.
1043 2583 1071 2620 ν.

345 2675 591 2772 Umsy'slomadr,
619 2707 657 2745 m.
667 2729 678 2758 ,
715 2691 764 2753 uir
789 2691 1044 2764 circumspectus,
1080 2683 1268 2760 negotiator,

342 2823 351 2838 “
397 2812 523 2888 negotia
539 2810 612 2868 lene
623 2831 733 2888 gerens
738 2831 751 2882 ,¹
777 2809 820 2868 tls.
835 2829 902 2884 um,
927 2811 1063 2876 circum,
1085 2795 1197 2892 s3'rsslo,
1215 2823 1270 2860 ne-

393 2937 536 3011 gotium,
566 2935 758 3010 negotiorum
779 2936 880 3010 gestio
905 2927 957 3011 (ck
977 2919 1069 3016 sisti,
1099 2949 1147 3006 qv.
1171 2931 1216 2998 e.)
1240 2937 1269 2982 et

395 3052 495 3132 metir,
519 3060 586 3126 vir,
613 3055 711 3115 homo.

345 3179 473 3253 Umsaei,
500 3181 733 3250 conjunctivus,
760 3177 844 3236 verbi
869 3177 909 3236 ek
928 3173 973 3252 sis,
999 3173 1106 3244 uideo,
1130 3171 1269 3250 prafixa

394 3302 558 3377 particula
575 3301 736 3376 superflua
749 3319 808 3358 um.
860 3301 905 3361 ΕΓ
915 3299 958 3359 ⁸61
971 3297 1089 3374 ammi,
1109 3297 1138 3354 si
1150 3295 1198 3354 sol
1210 3313 1270 3372 ap-

392 3425 537 3501 paruerit
554 3417 615 3511 121).
634 3427 684 3480 10.

346 3547 511 3626 Umtclrat,
537 3549 555 3604 3
569 3568 654 3625 pers.
667 3568 763 3624 pras.
786 3547 848 3604 ind.
867 3557 928 3604 act.
937 3587 949 3614 ,
974 3543 1059 3602 verbi
1075 3543 1114 3602 ek
1127 3540 1183 3617 tol,
1209 3559 1269 3597 nu-

398 3687 479 3730 mero
486 3715 497 3741 ,
517 3671 655 3749 pressisse
666 3671 830 3748 particula
845 3685 1078 3746 supervacanea
1092 3683 1145 3722 um
1156 3675 1186 3720 et
1200 3661 1270 3740 suf-

387 3794 465 3866 fixa
481 3798 670 3870 negationes
684 3815 710 3850 ν.
726 3803 769 3869 at,
795 3813 841 3871 qv.
854 3815 881 3851 ν.
891 3833 903 3861 ,
927 3790 985 3868 cfr.
996 3809 1046 3866 gr.
1061 3803 1082 3846 tt
1090 3788 1267 3865 privativa.

398 3916 450 3975 ok
465 3917 603 3973 unststmt
620 3911 664 4002 Ita
678 3915 714 3972 til
728 3915 865 3990 sakblta,
891 3924 958 3970 turn
973 3911 1068 3970 coedis
1084 3909 1191 3968 multas
1208 3907 1269 3966 ad-

397 4037 571 4094 ditamenta
588 4037 733 4112 exigendi
737 4042 797 4110 jus
810 4047 918 4093 cessat.

348 4159 488 4232 Umms,
516 4160 534 4213 3
549 4178 629 4233 pers.
639 4179 735 4233 praes.
744 4199 756 4226 ,
779 4121 863 4216 uerbi
878 4161 929 4228 (at
942 4156 1079 4225 videtur)
1095 4173 1199 4212 umvct
1214 4153 1267 4227 ek,

398 4297 465 4338 sum
475 4249 592 4356 praeto
598 4320 610 4347 ,
631 4291 798 4355 occupatus
812 4299 879 4336 sum
887 4321 898 4348 ,
925 4277 984 4336 leuc
998 4289 1027 4336 et
1041 4275 1116 4333 illuc
1122 4275 1267 4351 procedo,

398 4402 500 4480 steigi
513 4419 630 4459 umvcss
644 4397 701 4476 ini,
720 4399 847 4478 utsoris
862 4389 932 4472 <sit
941 4401 1008 4471 clio)
1023 4398 1128 4456 adesse
1138 4409 1268 4478 nequeat

399 4521 459 4614 pp.
473 4529 529 4600 233
555 4523 599 4582 tls.
615 4545 665 4582 um
674 4572 682 4604 ‚
707 4523 864 4602 superfluo
877 4535 907 4580 et
922 4516 987 4600 vis,
1007 4524 1200 4581 conversatio
1213 4543 1268 4580 ne-

395 4649 539 4727 gotiosa,
560 4651 689 4707 assidua
699 4651 797 4706 motio
812 4642 852 4728 (ot
864 4665 950 4725 vers,
969 4650 1058 4716 esse).
1096 4639 1167 4703 Scio
1182 4649 1267 4724 eqvi-

398 4773 465 4830 dem
487 4791 590 4831 vocem
609 4769 661 4831 viss
682 4793 703 4830 a
724 4768 973 4849 Memograplsis
991 4771 1107 4828 nostrie
1124 4787 1186 4826 non
1205 4781 1268 4826 esse

400 4907 563 4964 notatam,
587 4895 746 4954 ueletiam
761 4895 815 4954 sub
829 4892 1034 4971 oliaforma,
1057 4913 1118 4971 qva
1129 4911 1195 4968 vas,
1215 4891 1268 4949 ol·

400 5019 505 5076 latam
526 5039 605 5088 esse,
636 5019 691 5076 secl
708 5017 911 5076 nihilominus
928 5018 1101 5092 genuinam
1118 5035 1189 5073 eam
1205 5033 1268 5073 esse

393 5149 472 5218 puto
480 5161 492 5208 ;
515 5161 552 5197 ea
568 5143 679 5216 optime
693 5143 834 5196 conuenit
848 5159 917 5196 cum
930 5139 1160 5215 significatione
1176 5159 1267 5216 qvam

401 5265 495 5324 Dani
507 5281 561 5318 suo
572 5263 680 5320 Vascn
690 5275 720 5320 et
733 5263 886 5320 Germani
900 5281 954 5319 suo
965 5262 1083 5324 Wesen
1098 5263 1267 5336 sapissims

1386 607 1526 666 tribuunt
1533 627 1547 678 ,·
1576 603 1630 687 (At
1650 607 1733 686 gjb'ro
1752 616 1851 686 meget
1869 609 1978 668 Vusen
1999 609 2038 669 of.
2094 611 2143 670 Er
2165 607 2259 668 maht

1387 727 1472 788 nicht
1485 729 1547 788 vicl
1561 728 1712 810 Wcscns).
1749 731 1827 788 Cum
1838 750 1888 806 gr·
1900 753 1984 796 ouem
1999 731 2141 810 conferri
2147 743 2259 808 potest,

1384 863 1414 908 et
1430 851 1557 909 tandem
1571 863 1711 909 nostrum
1722 871 1855 929 umvess,
1878 873 1933 911 nec
1946 852 1990 910 ad
2002 853 2043 912 ek
2056 871 2143 930 voss,
2165 853 2259 912 licen-

1385 977 1449 1032 tius
1465 995 1511 1031 me
1522 993 1611 1050 gero,
1636 993 1691 1031 nec
1708 975 1753 1032 ad
1762 975 1803 1034 ek
1817 996 1859 1049 cr,
1879 995 1960 1044 sem,
1980 975 2139 1032 commode
2154 973 2261 1050 referri

1381 1107 1502 1176 potest,
1526 1116 1596 1154 cum
1612 1109 1719 1174 aperte
1729 1100 1897 1175 prasentis
1912 1097 2184 1173 significationem
2196 1118 2260 1174 pne

1385 1239 1417 1278 se
1426 1219 1539 1298 serat,
1565 1222 1708 1298 qvamvis
1728 1241 1797 1277 cum
1817 1231 1943 1296 utroque
1960 1217 2019 1276 leoc
2034 1219 2128 1279 verto
2144 1221 2260 1277 intima

1386 1345 1429 1402 sit
1450 1343 1655 1419 cognationis.
1706 1342 1861 1400 Attamen
1881 1361 1943 1398 non
1964 1341 2135 1400 tacendean
2155 1345 2259 1418 sapis·

1386 1467 1463 1523 sime
1480 1485 1512 1523 es
1523 1485 1582 1542 pro
1598 1485 1641 1539 er,
1659 1485 1730 1524 voss
1740 1485 1802 1542 pro
1817 1485 1903 1537 vers,
1930 1475 1959 1521 et
1973 1471 2060 1522 vestu
2075 1483 2139 1541 pro
2159 1473 2254 1538 versu,

1387 1591 1422 1645 in
1442 1587 1681 1664 antiquitatibus
1701 1591 1816 1646 nostris
1833 1606 2007 1656 occurrere,
2031 1606 2103 1663 qvae
2125 1583 2258 1644 antithe-

1387 1711 1430 1767 sis
1447 1707 1498 1765 lsic
1516 1729 1596 1766 anne
1613 1712 1710 1767 etiam
1727 1711 1820 1770 obvia
1838 1711 1898 1778 sit,
1925 1709 2057 1786 dupplex
2074 1728 2090 1766 e
2109 1705 2190 1765 milti
2204 1707 2257 1764 du·

1388 1831 1582 1910 biumfacit.

1338 1952 1544 2028 Undanlsusn,
1557 1953 1586 2032 Ι
1589 1997 1600 2024 ,
1615 1955 1771 2023 liberatio,
1785 1955 1938 2012 redemtio.
1970 1952 2166 2014 Undatausn
2181 1947 2256 2012 lende

1387 2073 1462 2149 sins,
1477 2073 1580 2150 fundi
1603 2077 1660 2148 (ab
1685 2077 1864 2148 interdicto)
1889 2077 2053 2145 liberatio,·
2078 2074 2126 2132 tls.
2149 2074 2254 2146 andan,

1388 2195 1441 2266 ab,
1467 2217 1516 2266 ex,
1541 2209 1570 2254 et
1587 2201 1686 2276 lousa,
1706 2199 1850 2256 liberatio
1867 2195 1971 2277 (lause,
1992 2198 2090 2267 liber,
2118 2199 2252 2264 soleam).

1335 2319 1494 2378 Undirmtl
1502 2365 1511 2396 ,
1535 2339 1565 2377 n.
1572 2323 1617 2397 pl.
1619 2363 1631 2391 ,
1644 2333 1744 2399 pacta
1762 2341 1898 2390 arcana,
1913 2341 1965 2378 seu
1979 2331 2062 2378 secta
2069 2339 2082 2390 ,⁸
2102 2320 2150 2378 tlt.
2166 2318 2254 2391 undis,

1387 2440 1493 2499 subtus
1511 2453 1541 2500 et
1558 2443 1634 2520 mit,
1660 2465 1707 2522 qv.
1725 2467 1752 2504 ν.

1332 2561 1436 2638 Unus,
1464 2565 1535 2622 adv.
1543 2607 1555 2635 ,
1582 2566 1696 2637 danec;
1722 2565 1766 2624 tls.
1792 2565 1869 2640 und,
1897 2577 1992 2636 ante,
2016 2565 2075 2643 cfr.
2098 2585 2153 2642 gr.
2174 2589 2250 2643 ama,

1388 2707 1496 2746 coram
1511 2710 1539 2748 ν.
1555 2711 1660 2763 ουτως,
1683 2709 1782 2768 usque.

1336 2809 1488 2889 Uppssgo,
1504 2810 1551 2889 fi,
1571 2815 1800 2890 pronuntiatio,
1819 2812 2029 2890 proclamatio
2035 2829 2049 2882 ,⁸
2073 2811 2147 2870 aazia
2160 2809 2249 2870 dtms-

1385 2953 1523 3012 uppssga.

1335 3055 1491 3136 Uppsogs,
1507 3057 1540 3136 Ι.
1550 3099 1562 3129 ,
1597 3059 1663 3118 Vsl.
1683 3062 1739 3134 21,
1765 3061 1799 3116 in
1811 3057 1901 3132 fine,
1924 3055 2048 3116 videtur
2068 3077 2132 3115 esse
2154 3073 2251 3114 nomen

1387 3179 1463 3237 lilri
1479 3181 1645 3254 cujusdam
1663 3183 1849 3238 continentis
1867 3179 1970 3237 edicta
1985 3191 2015 3249 et
2026 3182 2250 3237 constitutiones

1389 3304 1581 3374 comitiales,
1604 3307 1825 3382 promulgatas
1845 3323 1866 3360 a
1888 3301 2109 3380 nomoplrylocs
2129 3300 2249 3381 quodam

1383 3429 1549 3503 primario.
1603 3429 1675 3486 Sem
1692 3422 1820 3484 otkvedr
1835 3423 1846 3484 l
1861 3431 2009 3504 uppsogo,
2029 3424 2064 3482 ef
2079 3417 2137 3510 pat
2154 3444 2186 3482 er
2199 3419 2249 3481 ritt

1387 3548 1471 3624 skilt,
1498 3569 1561 3608 sem
1582 3543 1642 3637 {sar
1657 3545 1756 3608 kvedr
1769 3555 1812 3621 at;
1839 3559 1874 3604 ut
1888 3549 1920 3604 in
1934 3548 2081 3624 Uppssgu
2093 3545 2249 3605 consueui-

1388 3683 1440 3728 tur
1445 3713 1456 3741 ,
1478 3671 1567 3728 modo
1580 3677 1648 3742 ejus
1660 3673 1847 3730 sententiam
1857 3674 1943 3740 juste
1956 3671 2088 3726 assecuti
2101 3671 2204 3728 sirmis.

1333 3791 1464 3873 Uppsit,
1482 3793 1516 3871 Ι
1536 3796 1586 3855 uel
1602 3816 1631 3852 m
1640 3836 1652 3864 ,
1679 3795 1773 3851 statio
1795 3793 1941 3862 naualis5
1967 3789 2011 3848 tlt.
2032 3809 2111 3869 app,
2136 3807 2249 3849 sursum

1385 3927 1415 3973 et
1433 3917 1491 3992 sit,
1518 3938 1564 3994 qe.
1583 3939 1610 3976 ν.
1620 3957 1632 3985 ,
1658 3917 1820 3974 ueletiam
1838 3915 1879 3972 ab
1893 3913 1933 3971 ek
1945 3921 2003 3988 set,
2028 3913 2142 3971 colloco
2160 3925 2187 3972 et
2203 3910 2248 3983 (a

1386 4039 1535 4109 navibus)
1551 4037 1663 4106 traho,
1689 4037 1774 4094 duco.
1826 4035 1889 4108 stt,
1910 4055 2032 4111 nempe,
2053 4037 2083 4092 si
2099 4035 2140 4094 als
2154 4037 2192 4095 ck
2203 4033 2247 4102 sit,

1387 4159 1471 4218 sedeo
1493 4160 1675 4230 derivatur,
1691 4159 1896 4236 foemininum
1919 4167 1983 4225 est,
2009 4159 2131 4216 sivero
2155 4152 2248 4220 ab,sk

1387 4291 1446 4359 sot,
1478 4281 1592 4354 traho,
1619 4283 1695 4341 elreco
1721 4281 1771 4340 vel
1790 4279 1923 4347 colloco,
1950 4278 2091 4348 ducitur,
2117 4291 2250 4340 neutrom

1385 4415 1430 4463 est
1438 4397 1462 4474 ,⁸
1477 4417 1512 4462 ut
1532 4407 1567 4463 in

1333 4507 1560 4608 Uppso'tscyrir,
1593 4543 1632 4581 m.
1641 4565 1653 4594 ,
1685 4527 1822 4602 prumia
1853 4526 2002 4584 stationis
2031 4523 2178 4594 nossalim
2210 4517 2247 4578 tls.

1385 4649 1490 4728 uppsit
1505 4660 1534 4704 et
1549 4647 1647 4725 cyris,
1671 4668 1717 4725 qv.
1732 4670 1759 4708 ν.

1334 4771 1492 4849 Uppsltgn,
1506 4767 1562 4846 J„
1587 4769 1667 4828 idem
1684 4771 1765 4849 quod
1778 4787 1921 4850 uppmgn,
1947 4789 1995 4846 qv.
2008 4787 2037 4827 ν.
2052 4779 2085 4825 et
2098 4767 2194 4842 qued.
2210 4763 2246 4822 th.

1333 4887 1483 4972 Uppvlss,
1508 4891 1574 4968 adj.
1596 4893 1650 4965 (de
1660 4894 1774 4971 facto)
1783 4936 1795 4964 ,
1821 4890 2009 4969 mansfistus
2029 4889 2082 4960 (de
2092 4891 2247 4967 persona),

1383 5017 1542 5073 conuictus
1548 5056 1560 5086 ,
1588 5009 1633 5102 ῥά
1654 5035 1688 5074 or
1708 5016 1767 5076 mll
1785 5005 1908 5095 uppvlst
1925 5033 1959 5072 er
1975 5007 2048 5072 stssi
2063 5009 2141 5072 hefir
2155 5017 2248 5092 opum

1385 5149 1452 5195 tum
1471 5141 1607 5196 crimino
1626 5138 1798 5217 manifesta
1813 5147 1886 5197 sunt
1892 5179 1904 5208 ,
1930 5155 2001 5194 cum
2018 5136 2121 5192 actori
2136 5151 2247 5211 compe-

1336 5279 1339 5287 *
1386 5265 1466 5318 tenti
1480 5265 1690 5332 innotescunt,·
1714 5261 1758 5318 tls.
1772 5241 1850 5338 app,
1872 5239 2119 5336 palamst-'vim
2146 5267 2245 5312 certus·
