4638 6030
812 371 1194 478 -205-‘-

61 631 184 736 peius
200 655 362 722 manna,
386 654 429 704 er
442 637 512 730 pat
525 631 621 708 land
635 631 739 708 hefir
754 648 812 707 ott
832 631 973 734 1)[εἰῙ)-

66 807 130 870 ευ,
155 803 193 851 er
211 773 624 876 fiarsarpveizlomapt·
643 803 712 852 ens
731 805 836 880 unga
856 805 971 854 mann

64 921 149 1000 seldi
175 919 315 1017 land]‚
353 937 395 994 at
422 917 547 994 steina
575 921 705 995 sinam
734 920 970 998 heimildar-

59 1067 187 1146 manni
211 1063 257 1140 til
283 1062 523 1158 heimildar,
555 1091 601 1140 oc
622 1067 668 1140 til
688 1075 773 1168 [sess
791 1066 908 1170 pings
928 1093 972 1142 er

62 1212 166 1288 hana
190 1211 345 1314 brigpir
373 1210 527 1302 landis,
570 1210 721 1308 ²)enda
751 1237 795 1286 cr
823 1229 902 1288 rett
929 1228 971 1287 at

62 1365 166 1460 nupt
182 1355 300 1460 krepi
320 1383 441 1432 mann
463 1353 695 1434 heimildar.

171 1797 284 1900 ⁸)[Sa
318 1807 435 1900 mapr
471 1825 515 1874 er
546 1796 642 1874 land
675 1823 718 1874 er
749 1793 858 1898 brigt
888 1795 969 1872 scel

61 1939 177 2019 stesm
212 1941 299 2020 hala
338 1963 379 2019 et
412 1945 577 2046 siParsta
610 1972 632 2020 a
666 1939 969 2042 manaParlresti

57 2085 405 2164 heimitdarmanni
433 2090 587 2182 sinam,
623 2099 693 2190 ePa
722 2105 833 2189 qvatt
859 2086 967 2161 hana

55 2235 127 2308 ella
150 2232 389 2326 heimildar,
422 2244 552 2335 papan
577 2234 636 2308 fra
662 2261 706 2308 er
729 2235 806 2337 lyst
828 2261 898 2308 var
920 2233 966 2307 til

1036 659 1123 709 eum
1144 647 1271 706 tencre
1289 635 1479 730 opinatur.
1525 629 1571 704 Si
1575 633 1727 732 fundus
1743 657 1813 731 per
1828 637 1957 708 emtio-

1037 805 1124 854 nem
1153 779 1400 852 uenditionem
1429 778 1599 850 dominos
1621 781 1851 866 *mutauerit,
1889 781 1957 854 iro·

1037 950 1118 996 rum
1144 925 1294 1025 quisque
1304 975 1320 1010 ,
1339 923 1511 1026 fundum
1541 938 1675 998 tenens
1702 925 1788 998 inde
1815 935 1839 998 'a
1866 940 1957 1001 tem-

1035 1095 1143 1169 pore,
1167 1095 1237 1170 quo
1253 1083 1407 1145 curator
1423 1072 1754 1144 minorenuiseum
1776 1071 1955 1159 uendidit,

1037 1230 1229 1290 auctorem
1252 1240 1363 1288 suum
1387 1214 1439 1286 ad
1459 1219 1677 1309 eur'ctionem
1699 1216 1955 1315 proestandam

1037 1363 1160 1464 injus
1179 1376 1307 1448 uocet,
1336 1365 1376 1432 in
1394 1364 1544 1433 comitia
1554 1412 1570 1448 ,
1602 1359 1668 1432 ubi
1683 1361 1781 1433 alter
1798 1361 1958 1436 reluitio·

1035 1533 1121 1586 nem
1139 1533 1316 1608 peragere
1335 1521 1470 1604 parat,·
1499 1521 1543 1578 ut
1564 1531 1665 1580 unus
1684 1508 1843 1580 alterum
1862 1513 1958 1582 euic-

1035 1656 1147 1724 tionis
1168 1653 1402 1750 proestandoe
1421 1651 1584 1749 postulet
1607 1657 1718 1724 etiam
1729 1655 1804 1754 sas
1825 1667 1898 1726 est.

1149 1797 1220 1870 Ille
1237 1824 1261 1869 a
1279 1762 1510 1900 quofundus
1528 1797 1743 1884 retrahitur,
1763 1813 1954 1872 auctorem

1036 1966 1148 2015 suum
1168 1945 1267 2016 intra
1286 1968 1451 2018 mensem
1469 1957 1683 2041 peractum,
1714 1943 1801 2016 inde
1819 1971 1843 2016 a
1863 1957 1955 2018 tem·

1033 2111 1146 2188 pore,
1172 2115 1241 2191 quo
1260 2090 1407 2162 reluitio
1417 2089 1541 2187 sandi
1556 2087 1869 2176 denuntiabatur,
1899 2089 1959 2164 uel

1014 2239 1137 2333 ipse,
1167 2237 1202 2306 si
1223 2235 1292 2310 lzoc
1315 2239 1437 2308 serius
1459 2234 1637 2308 acciderit
1646 2287 1661 2322 ,
1691 2235 1737 2306 de
1756 2261 1801 2307 ea
1819 2236 1958 2309 certior

56 2377 428 2482 brigParoilandit,
454 2378 969 2482 epahannspurpilysing-
1025 2381 1161 2479 factus
1183 2393 1265 2466 est,
1299 2381 1359 2454 uel
1380 2384 1502 2480 injus
1525 2396 1652 2467 uocet,
1686 2381 1745 2454 uel
1765 2385 1957 2456 evictionis

55 2523 143 2615 ina,
173 2521 218 2598 el
234 2532 305 2624 pm
328 2553 419 2598 verr
441 2527 584 2625 siparr.
645 2527 701 2598 En
725 2551 765 2600 sa
790 2549 834 2600 er
857 2524 968 2600 hanu

52 2667 191 2742 stesair
204 2669 289 2742 scal·
300 2695 346 2743 oc
362 2667 484 2743 stefnt
499 2668 590 2745 hasa
606 2671 734 2746 sinam
754 2668 969 2746 hcimildar

51 2815 186 2890 manni
213 2843 235 2891 a
260 2823 452 2914 maaapar
476 2813 593 2890 suesti
613 2833 652 2890 et
675 2816 865 2916 siparsta,
900 2825 970 2916 pa·

48 2967 121 3058 pan
148 2960 210 3035 lta
235 2987 279 3034 cr
301 2957 449 3038 hanam
474 2987 544 3032 var
564 2958 706 3051 steint,
738 2986 785 3034 oc
803 2986 868 3034 sva
888 2962 968 3036 scal

45 3101 167 3180 hserr
213 3105 348 3206 peiere
391 3103 518 3178 steina
561 3104 689 3178 sinam
732 3103 968 3182 heimildar-

1033 2527 1265 2623 proestandoe
1298 2527 1478 2624 postulet.
1558 2526 1643 2598 Tali
1674 2527 1784 2600 modo
1816 2529 1956 2604 citatus

1034 2695 1146 2744 suum
1166 2673 1356 2744 auctorem
1376 2673 1489 2744 etiam
1513 2672 1613 2744 intra
1637 2697 1803 2746 mensem
1826 2701 1956 2771 perac·
1986 2687 1991 2698 '

1037 2831 1132 2902 tum,
1160 2841 1184 2888 a
1203 2831 1384 2913 tempore,
1409 2841 1478 2917 quo
1497 2821 1576 2914 ipsc
1595 2821 1634 2888 in
1646 2821 1715 2917 jus
1734 2817 1954 2906 uocabatur,

1034 2967 1149 3046 citet,·
1180 2961 1370 3034 eteoclem
1396 2961 1504 3034 modo
1529 2965 1735 3063 quicunque
1761 2987 1872 3036 suum
1899 2963 1959 3038 uel

1035 3112 1126 3182 citet
1150 3107 1210 3180 uel
1230 3121 1404 3204 prouocet
1428 3121 1619 3182 auctorem
1646 3111 1745 3182 intra
1769 3133 1956 3198 mensem,

40 3251 183 3326 manni
196 3303 214 3342 ,
248 3259 319 3350 epa
346 3249 488 3350 qvepia
515 3249 590 3323 ella
616 3278 636 3324 a
663 3251 966 3352 manalmrsresti
1021 3255 1177 3354 fundus
1197 3253 1367 3327 venditus
1386 3253 1561 3354 quamdiu
1580 3255 1753 3330 dominos
1768 3269 1958 3354 permuta·

42 3415 76 3470 et
99 3395 256 3470 seinsta
279 3419 342 3468 sva
364 3395 495 3496 lengi,
526 3421 606 3470 sem
629 3395 724 3470 land
748 3396 811 3472 lor
833 3417 874 3474 at
896 3401 971 3473 sol-

38 3567 127 3614 um.
192 3541 258 3614 Nu
284 3565 350 3612 ero
376 3536 592 3614 heimildar
615 3569 735 3615 menn
761 3545 969 3644 necqverir

35 3685 105 3759 ssa
137 3683 301 3774 iallnir,
339 3693 387 3784 pa
415 3685 494 3758 scal
523 3683 648 3759 steina
677 3685 723 3758 til
753 3686 992 3803 heimildur¹

37 3827 223 3932 erlingia
247 3855 309 3904 ens
334 3829 463 3930 dauPa
486 3856 644 3904 manne.
704 3832 767 3904 Nu
792 3858 836 3906 er
857 3830 967 3906 hann

39 3977 120 4082 eigi
143 3975 323 4078 sulltiPi,
353 3985 424 4075 epr
443 3984 544 4074 raeps
563 3973 642 4074 eigi
664 3973 709 4046 til
730 3974 827 4050 lulla
846 3976 966 4077 cyris,

41 4129 88 4222 1»
111 4124 197 4200 scal
225 4119 335 4196 hana
360 4119 485 4196 steina
510 4117 805 4221 {larvarpveizlo
830 4121 966 4196 manui

46 4263 161 4344 hans.
218 4269 286 4344 Nu
306 4293 349 4340 er
368 4262 698 4365 heimildarmaps·
716 4291 911 4366 necqverr
929 4265 974 4340 af

51 4410 157 4486 laudi
189 4413 356 4502 farina,
393 4419 444 4511 pa
476 4409 555 4484 scol
588 4407 714 4484 steina
748 4408 896 4484 houom
929 4427 971 4486 at

51 4551 175 4632 sessu
193 4557 367 4647 boclam,
398 4564 468 4656 epa
491 4581 511 4628 a
532 4551 690 4626 heimili
716 4554 784 4654 pri
809 4579 853 4630 er
877 4581 970 4630 ncc-

49 4725 163 4800 querc
180 4709 301 4804 ωερε
319 4697 423 4774 hefir
441 4697 649 4774 handsalat
668 4697 833 4792 hanam,
862 4709 971 4803 mep-

47 4871 115 4922 aan
142 4847 262 4924 bana
285 4843 378 4920 vaeri
399 4873 420 4919 a
440 4843 551 4936 brat,
583 4871 629 4920 oc
650 4854 768 4946 verpe
785 4854 855 4944 Pat
873 4863 965 4920 rett.

83 5103 115 5192 ¹)
154 5111 257 5170 lancis
271 5108 392 5164 iuclrtsa
410 5107 442 5162 B
457 5127 527 5163 curn
543 5109 608 5164 suis
624 5109 747 5165 omittit.

78 5203 115 5290 ¹)
148 5211 184 5268 B
201 5227 277 5264 cum
294 5207 356 5262 suu
373 5203 479 5262 addit:
505 5195 569 5288 Pet
584 5225 618 5264 er
633 5213 694 5265 rett
710 5213 741 5262 at
755 5203 849 5264 hverr
865 5197 972 5293 peirn

133 5305 241 5372 adai
256 5323 294 5366 er
307 5323 395 5384 spyrr
408 5303 528 5366 uthina
544 5301 633 5364 hevir
648 5305 709 5386 lyst
722 5304 759 5366 til
774 5299 903 5394 bn'gpar
919 5321 973 5362 um

1036 3404 1100 3474 uit.
1152 3395 1210 3472 At
1227 3415 1423 3472 auctorum
1444 3399 1620 3474 nonnulli
1635 3400 1850 3486 decessere,
1876 3415 1955 3476 tum

1034 3545 1086 3619 ad
1107 3549 1324 3618 evictionem
1346 3544 1603 3642 proestandam
1628 3545 1753 3616 haeres
1772 3545 1960 3616 demortui

1035 3693 1188 3762 citetur.
1252 3687 1360 3786 Quod
1380 3691 1416 3758 si
1435 3687 1495 3762 tuo
1518 3687 1578 3758 uel
1599 3711 1676 3758 non
1699 3687 1842 3758 aautrae
1863 3701 1956 3760 ceta·

1037 3836 1107 3919 tis,
1138 3830 1198 3906 uel
1216 3831 1268 3904 ad
1287 3831 1468 3904 bonarum
1488 3854 1640 3904 suorum
1661 3857 1791 3904 curam
1812 3828 1957 3908 inlabi-

1036 3976 1082 4048 lis
1100 3979 1166 4063 sit,
1190 3977 1302 4076 hujus
1320 3991 1530 4050 curatorem
1550 3981 1654 4052 citet.
1707 3977 1752 4050 Si
1768 3981 1849 4078 quis
1866 4002 1957 4054 auc·

1037 4136 1158 4194 torum
1174 4147 1328 4224 peregre
1347 4123 1495 4196 delatus
1500 4122 1644 4220 fuerit,
1673 4123 1731 4195 illi
1746 4121 1806 4198 uel
1821 4123 1873 4196 ad
1890 4147 1958 4196 na·

1036 4271 1090 4341 uis
1124 4263 1325 4340 retina'culi
1351 4267 1457 4366 palos
1487 4267 1569 4342 dies
1600 4267 1785 4354 dicenda,
1824 4266 1885 4342 uel
1915 4271 1956 4341 in

1035 4413 1221 4485 domicilio
1239 4413 1336 4513 quod
1353 4419 1432 4515 quis
1450 4415 1504 4498 ei,
1531 4411 1621 4486 dum
1637 4435 1792 4512 peregre
1810 4425 1954 4510 ageret,

1035 4555 1302 4655 stipulabatur.
1379 4557 1441 4628 Ita
1471 4557 1609 4663 facere
1641 4558 1726 4656 juri
1763 4557 1951 4628 conuenit.

1034 4701 1122 4778 Hoc
1146 4703 1399 4790 domicilium,
1432 4703 1468 4772 si
1491 4703 1619 4800 agenti
1642 4699 1870 4780 innotuerit,
1903 4693 1957 4770 ibi

1034 4851 1250 4922 citationem
1265 4843 1535 4948 manffestandi
1542 4848 1611 4944 jus
1626 4865 1696 4940 per
1711 4853 1786 4910 tres
1803 4831 1963 4940 hyemes

1135 5104 1245 5176 landit,
1269 5103 1355 5160 laste
1378 5103 1579 5177 unusquisque
1600 5099 1698 5166 cuae,
1723 5102 1777 5176 qui
1795 5100 1884 5159 illum
1904 5121 1955 5159 re-

1137 5203 1295 5258 luitionem
1302 5200 1403 5276 sandi
1418 5199 1616 5256 denuntiasse
1633 5199 1759 5274 accepit.

1090 5284 1120 5382 ³)
1148 5303 1223 5378 Qvoe
1240 5301 1328 5356 uttcs'ss
1343 5309 1482 5356 tenentur
1496 5300 1528 5358 B
1544 5317 1614 5358 eum
1628 5299 1693 5358 auis
1708 5301 1831 5359 οιηίηῑι,
