4598 6026
1133 335 1480 504 ..265-

354 603 479 684 Gildtt,
505 625 556 677 n,
582 625 653 666 ovee
668 603 805 672 eterilee,
829 619 983 670 cerveeee,
1006 619 1075 658 ovet
1090 619 1272 680 quacunque

403 733 439 788 in
451 748 577 806 paecua
593 739 744 786 montano
761 734 901 802 aguntur
906 741 920 794 ;
946 719 991 778 tt.
1008 717 1108 800 gildr,
1131 743 1178 800 qo.
1195 743 1223 782 ν.
1241 733 1271 780 et

402 847 449 926 fb,
465 871 582 930 pecue,
608 849 690 908 bona
698 857 720 917 ,'
728 847 880 925 pecunia.

353 969 514 1051 Gildingr,
536 993 596 1044 tm,
617 991 745 1038 vervex,
769 969 851 1026 oriet
867 977 1044 1036 castratum
1068 962 1112 1022 tlt.
1128 963 1168 1024 ek
1181 961 1272 1044 gildi,

403 1107 514 1154 caetra.

354 1213 545 1296 Gildmjdlk,
570 1213 658 1289 adj„
675 1211 838 1292 saminin.
853 1229 944 1288 gen,
969 1219 1095 1267 tantum
1112 1207 1149 1266 de
1169 1209 1273 1266 caceio

405 1341 567 1396 usitatum
622 1336 730 1394 Vacca
756 1333 898 1392 lactaria
921 1331 976 1390 ted
996 1351 1057 1388 non
1071 1329 1195 1408 forda,·
1228 1326 1272 1386 tlt.

407 1455 505 1536 gildr,
537 1478 583 1536 qo.
612 1479 639 1518 ν.
666 1467 696 1514 et
720 1453 830 1533 mjblk,
863 1455 916 1514 lac
942 1449 993 1534 (ek
1019 1450 1146 1530 mjblkn,
1178 1451 1273 1518 lacto,

356 1566 361 1580 ¹
405 1583 532 1638 tramit.
549 1591 578 1638 et
594 1581 780 1647 intremit).

356 1699 467 1776 Gildr,
493 1701 559 1776 adj.
584 1699 708 1773 (hodie,
736 1692 858 1778 gildo),
884 1707 1060 1766 castratus,
1084 1713 1173 1754 neme
1191 1687 1275 1772 gilde

407 1821 437 1882 eb
448 1819 528 1884 fobir
538 1823 642 1900 batua,
656 1823 720 1880 niti
727 1831 822 1898 pater
831 1819 996 1878 liberarum
1008 1817 1275 1894 (illegitimorum)

406 1943 670 2023 caetratuofuerit
680 1937 743 2030 ΘΙ).
756 1939 806 2001 34.
846 1941 899 1999 Sic
910 1937 1105 2015 Hrimgerda
1118 1940 1152 1994 in
1163 1937 1221 1997 Hel
1242 1955 1276 1994 a·
1300 1999 1312 2024 ι

406 2063 498 2148 qvibo
511 2065 772 2142 Hnddingioscota:
800 2059 925 2139 gueggja
938 2059 1059 2118 mundir
1075 2052 1122 2144 Iob
1138 2057 1219 2130 Atti,
1245 2057 1280 2114 ef

405 2183 452 2276 μ’]
468 2185 551 2264 geldr
564 2183 602 2244 nb
618 2185 717 2259 vulir,
735 2183 815 2240 milti
830 2180 1012 2238 adltinttiree
1024 2179 1148 2249 Attale,
1167 2179 1203 2234 ni
1210 2197 1276 2236 ea-

406 2319 525 2366 etratue
540 2325 636 2376 estem·
659 2303 704 2362 tlt.
722 2303 761 2362 ck
776 2300 868 2382 gildi,
890 2313 1001 2358 caetra.

357 2431 445 2506 Geng
461 2427 515 2501 ck,
536 2445 583 2494 eo,
599 2425 746 2484 nnndico.
789 2423 830 2482 At
846 2421 939 2500 gingo
951 2417 1021 2482 med
1032 2419 1155 2498 hincm,
1175 2423 1276 2478 oetio-

408 2551 468 2608 tim
486 2545 662 2606 nwndicare
679 2545 734 2606 Ob.
752 2545 802 2604 35.
853 2545 895 2605 At
911 2543 1003 2622 ginga
1019 2539 1088 2602 med
1104 2542 1206 2601 einom
1223 2541 1276 2614 (de

394 2671 557 2754 foentinit,
575 2688 645 2726 cum
659 2669 763 2748 aliquo
778 2665 1023 2726 commenditum
1037 2663 1148 2722 babere
1161 2657 1228 2752 Ab.
1244 2661 1274 2720 4.

407 2795 450 2854 At
474 2793 566 2871 gingn
587 2775 624 2849 ot¹
637 2790 703 2868 eiga
719 2790 803 2864 einn,
829 2791 1064 2847 matrimonium
1083 2806 1153 2844 curn
1171 2786 1275 2864 aliqua

406 2917 498 2984 inire,
517 2912 591 2972 ibid.
635 2913 678 2972 At
690 2912 782 2990 gtngc
798 2907 900 2988 lgign,
916 2910 1059 2988 prefiteri
1075 2906 1198 2980 (leodiee
1221 2926 1277 2964 ne-

404 3041 504 3116 gare)
519 3029 582 3124 01).
598 3019 649 3093 15'.
697 3031 740 3094 At
753 3031 846 3110 ginga
858 3027 926 3108 vid,
950 3031 1038 3088 idem.
1084 3029 1125 3088 At
1140 3029 1233 3108 gingo
1247 3027 1276 3086 ci

408 3155 531 3236 13ng
551 3155 693 3230 inficiari
713 3153 779 3212 Vol.
794 3150 847 3211 49.

359 3276 451 3340 corle
465 3299 496 3338 o.
515 3275 623 3355 gilido,
646 3273 732 3347 adj„
755 3274 922 3352 exquisite,
941 3272 1077 3350 perfecte
1083 3289 1097 3344 ,·
1119 3279 1277 3328 contracte

404 3419 464 3478 pro
478 3395 619 3478 gjbrligo3
643 3392 687 3451 tle.
703 3393 742 3452 ek
755 3391 847 3472 gjbri,
865 3394 968 3472 facio.

358 3519 453 3596 Gbrr,
477 3529 573 3578 contr.
597 3536 656 3587 pro
678 3511 758 3594 gbrir
779 3536 807 3573 ν.
828 3513 938 3594 gjbn'r,
964 3517 1083 3594 Spero.
1100 3533 1194 3592 proet.
1214 3511 1276 3572 ind·

408 3655 469 3702 act.
488 3664 516 3698 c.
537 3640 577 3701 ek
594 3638 686 3720 gjbri,
705 3638 820 3716 facio,
849 3629 933 3724 bpb.

358 3758 575 3839 Gbrbnrmcbr‚
595 3782 635 3820 m
657 3783 688 3822 o.
709 3753 928 3840 gjo'rbarmadr,
951 3757 1088 3830 arbiter;
1111 3755 1156 3816 tle.
1174 3751 1277 3836 gj'o’rd,

409 3907 457 3964 qo.
475 3873 504 3944 o.
523 3895 553 3941 et
567 3879 667 3960 modr,
690 3881 799 3952 homo,
824 3883 883 3940 νίν.

358 4003 531 4081 Girumu,
542 4003 577 4081 s.
591 4003 636 4082 pl.
653 4006 706 4074 (in
718 4007 798 4079 cing.
813 3998 966 4082 gbrsemi),
987 4022 1038 4060 ree
1049 4005 1207 4080 pretioue,
1229 4003 1277 4058 ci-

408 4125 511 4184 melia.
556 4123 627 4200 Eigi
642 4123 702 4180 ecel
717 4120 860 4200 gireimor
875 4122 913 4182 nb
928 4127 1005 4182 vbro
1019 4123 1105 4200 cinga
1118 4122 1155 4181 til
1169 4117 1277 4180 skaba-

407 4245 478 4305 bon
498 4243 580 4323 telja,
605 4263 660 4299 neo
678 4243 803 4300 cimelia
822 4263 876 4301 nec
896 4264 982 4301 merx
997 4244 1083 4310 ulla,
1108 4247 1278 4316 cujuscun-

407 4363 716 4449 qvegeneriejuerit,
738 4365 943 4423 resarciendis
959 4375 1208 4422 numerantur
1217 4363 1276 4442 Kb,

408 4488 461 4551 49.
508 4487 607 4564 Origo
625 4483 709 4544 co'cie
728 4483 904 4543 deducenda
920 4506 942 4544 a
958 4484 1025 4564 gjbr
1039 4508 1066 4546 ν.
1081 4482 1148 4564 gir,
1170 4489 1278 4566 exqci-
1304 4557 1307 4562 1

407 4615 477 4682 cite,
489 4607 625 4688 perfecte
639 4606 723 4680 (otte
735 4601 826 4687 gbrln)
841 4618 870 4664 et
885 4607 926 4694 pk
938 4627 1017 4683 eom,
1038 4627 1196 4686 compono,
1209 4608 1278 4686 sa·

409 4737 469 4806 cio,
485 4731 622 4801 elaboro,
636 4731 727 4808 qoaei
739 4731 782 4788 eit
794 4749 843 4787 ree
856 4731 1004 4809 exquisite
1016 4741 1045 4788 et
1056 4731 1193 4810 perfecte
1207 4730 1278 4790 ela·

408 4847 529 4916 borat'a.
576 4853 671 4913 Vocet
688 4857 819 4930 gneum,
839 4855 1019 4930 gomumme,
1037 4870 1184 4930 gereume,
1204 4870 1276 4930 ger-

408 4975 481 5052 eim,
502 4975 637 5054 gernod,
659 4994 727 5054 qcoe
739 4975 774 5032 in
787 4975 888 5032 codice
893 4976 984 5049 jurio
993 4976 1093 5046 jutici
1105 4974 1192 5046 (edit.
1204 4975 1277 5034 An-

409 5095 576 5167 cleere'ana)
601 5097 657 5166 ll,
691 5099 748 5172 19,
781 5094 855 5168 tlt,
889 5097 931 5154 16
937 5141 948 5176 ,
983 5096 1069 5174 Lege
1094 5096 1276 5156 Sellandico

409 5220 499 5282 Erici
515 5217 615 5294 nego
634 5216 722 5289 (edit.
741 5217 1189 5298 Iamno-nonnotngtam)
1208 5221 1277 5292 ΙΙΙ,

1390 603 1447 674 62,
1472 611 1507 658 ut
1522 611 1552 658 et
1568 601 1603 658 in
1618 601 1742 678 ecriptie
1754 597 2048 677 Angla-Samnicie
2062 612 2092 660 et
2108 603 2246 680 antiqcie,

1390 723 1547 798 leguntur,
1559 741 1629 780 cum
1638 731 1742 778 noetro
1752 716 1878 798 gbreemi
1893 721 2138 799 meumsaciunt,
2151 743 2249 800 qvam·

1389 845 1439 903 vie
1451 846 1556 920 primo
1574 845 1690 900 intuitu
1707 841 1830 920 aliquid
1844 841 1884 898 ab
1901 862 1935 899 eo
1952 842 2107 900 divertunt
2121 843 2249 900 denotare

1388 963 1562 1023 oideamtn.
1614 965 1666 1022 De
1682 967 1804 1040 gbrsum
1818 985 1848 1024 c.
1862 967 1983 1040 gbrsom
1997 987 2025 1022 ν.
2041 969 2177 1042 gbreume
2190 973 2249 1036 cte„

1389 1087 1425 1143 in
1448 1085 1514 1144 loco
1534 1085 1613 1162 legit
1635 1083 1808 1144 Sellandici
1829 1087 1930 1142 citato
1955 1096 2112 1164 apparet,·
2141 1081 2251 1162 gbreemi

1353 1285 1356 1292 γ
1389 1211 1471 1266 enim
1494 1211 1530 1264 in
1548 1227 1660 1285 genere
1680 1206 1807 1266 denotat
1827 1206 1974 1286 quicquid
1984 1210 2157 1286 pretiosum
2164 1248 2175 1276 ,
2199 1209 2251 1262 eive

1389 1331 1549 1409 exquisite
1579 1329 1820 1396 elaborationis,
1853 1330 1917 1388 eive
1949 1331 2121 1388 varietatie
2147 1347 2251 1396 cauom

1390 1451 1470 1510 mede
1505 1453 1680 1530 accipeneer
1708 1453 1827 1518 sturio,
1860 1469 1931 1510 cum
1962 1471 2057 1510 rarue
2091 1453 2153 1520 eit,
2184 1461 2250 1505 recte

1391 1569 1531 1650 gbrsomis
1552 1571 1644 1648 fiske,
1675 1573 1853 1642 nominari,
1885 1584 1915 1630 et
1939 1571 1985 1630 ad
2004 1567 2250 1650 kbngsgbreema,

1392 1695 1553 1772 (regalia)
1569 1693 1680 1772 referri
1690 1703 1813 1770 poteet,
1839 1693 1876 1752 de
1892 1699 2015 1772 gbreum
2032 1696 2068 1752 in
2087 1691 2194 1750 Codice
2201 1695 2251 1764 ju·

1393 1818 1440 1874 rie
1465 1816 1581 1885 betici,
1605 1816 1829 1874 Iurisconsulto
1848 1818 2006 1894 primario
2033 1813 2110 1892 Kefi
2132 1810 2251 1871 Amlnr.

1393 1934 1450 1993 ltoc
1464 1939 1570 2014 magio
1584 1937 1710 1994 dubium
1722 1937 1888 1996 videbatur
1903 1938 1988 2010 (cide
2002 1940 2068 1996 eius
2080 1933 2252 2013 Ordsorklo·

1393 2061 1501 2135 ringer
1525 2059 1684 2134 adfinem
1708 2059 1781 2118 God.
1804 2064 1862 2126 jur
1878 2060 1941 2118 lut.
1961 2079 2042 2138 pag.
2063 2060 2146 2133 317,
2172 2051 2250 2132 316),

1393 2180 1472 2238 unde
1484 2179 1528 2238 ad
1540 2179 1654 2238 ltartcce
1667 2201 1769 2238 vocem
1783 2180 2005 2250 derivandam,
2027 2180 2132 2238 oliam
2145 2181 2251 2253 ingrec-

1392 2323 1445 2360 eue
1461 2313 1506 2360 eet
1523 2305 1611 2361 viam
1619 2343 1631 2372 ,
1657 2303 1763 2361 Lexic.
1778 2303 1833 2364 let
1850 2303 1888 2361 0.
1904 2301 2061 2371 Andreae,
2087 2301 2143 2360 eed
2154 2298 2211 2355 lzac
2224 2299 2252 2352 in

1392 2425 1447 2484 cia
1455 2465 1467 2494 ,
1488 2435 1606 2502 prater
1621 2425 1885 2494 cousuetudinem,
1907 2423 2031 2506 aliquid
2047 2442 2069 2482 o
2086 2443 2155 2481 cero
2171 2419 2249 2478 aber-

1394 2549 1480 2604 ravit
1489 2565 1503 2616 ‚·
1531 2549 1671 2624 qvantcie
1693 2548 1776 2604 enim
1794 2551 1930 2624 gitium,
1954 2547 2031 2604 locis
2048 2542 2123 2604 Ood.
2138 2543 2196 2602 lut.
2210 2541 2250 2596 ci-

1393 2670 1473 2726 tatio
1492 2671 1557 2726 eine
1572 2667 1663 2726 dubio
1677 2667 1805 2726 denotat
1817 2667 2033 2726 additamenta
2048 2665 2189 2746 qoaedam
2203 2659 2251 2718 lto-

1395 2790 1516 2848 micidii
1531 2789 1638 2848 multa·
1656 2790 1828 2848 ordinarint
1835 2831 1848 2860 ,
1874 2790 1920 2848 ad
1929 2787 2105 2868 placandae
2118 2790 2153 2844 in
2167 2795 2251 2841 totum

1394 2914 1515 2970 animae
1534 2912 1780 2990 propinquorum
1804 2914 1897 2980 coeei,
1929 2921 2032 2969 tamen
2058 2909 2142 2967 nibil
2161 2906 2251 2988 obstat

1395 3039 1516 3111 gbrsum
1531 3035 1566 3090 in
1582 3031 1677 3090 hacce
1691 3034 1936 3112 significatione,
1954 3033 2001 3120 ad
2009 3035 2161 3110 originem
2173 3046 2252 3088 cuam

1393 3165 1423 3212 et
1445 3156 1572 3212 eolitam
1591 3154 1820 3214 denotationem
1837 3157 1980 3214 revocari
1990 3175 2094 3232 poeee.
2146 3153 2185 3212 In
2201 3151 2253 3208 Co·

1391 3273 1460 3332 dice
1473 3277 1537 3333 lut.
1551 3275 1664 3334 nullibi
1676 3277 1794 3354 legitur
1807 3289 1879 3355 qcot
1889 3279 2041 3353 pecmtiao
2053 3280 2186 3354 gbrtum,
2198 3274 2251 3330 eice

1282 3411 1285 3416 '
1345 3471 1349 3478 .
1395 3395 1462 3454 ltoec
1477 3397 1554 3475 lytri
1569 3397 1724 3456 ordinarii
1741 3399 1954 3456 additamenta
1972 3399 2131 3476 efficiant,
2154 3399 2210 3454 imo
2224 3395 2253 3450 io

1392 3518 1480 3578 Libr.
1499 3519 1559 3578 III
1573 3519 1621 3588 0.,
1647 3523 1705 3595 16,
1728 3520 1855 3589 dicitur,
1879 3518 1963 3598 oghae
1976 3519 2087 3580 voldaer
2103 3527 2175 3578 mest
2190 3519 2251 3594 gir·

1394 3659 1476 3716 eum,
1501 3651 1599 3698 metue
1624 3639 1669 3698 ad
1690 3641 1823 3718 gbl-sumi
1845 3639 2096 3718 magnitudinem
2119 3639 2253 3714 defimen-

1392 3761 1469 3822 dam
1482 3782 1576 3842 qoam
1592 3765 1729 3820 maxime
1742 3775 1908 3840 operatur,
1928 3761 2008 3820 unde
2022 3763 2182 3838 colligitur
2194 3757 2252 3814 leae

1394 3883 1489 3942 coedie
1513 3883 1620 3942 multat
1641 3884 1814 3944 ordinaria
1834 3883 2050 3965 additamenta
2072 3903 2186 3960 emmer
2204 3899 2251 3936 ar·

1394 4004 1532 4064 bitraria
1538 4005 1645 4083 suieee
1651 4047 1663 4076 ,
1686 4017 1716 4062 et
1724 3983 1752 4064 ¹a
1766 4009 1910 4083 cognatio
1916 4045 1929 4074 ,
1950 4007 2014 4064 eive
2027 4007 2121 4062 occisi
2134 4007 2193 4062 eice
2207 4019 2252 4057 oc-

1393 4129 1523 4196 cisoris,
1551 4147 1612 4204 pro
1640 4147 1745 4186 eornm
1771 4130 2000 4204 praepotentia,
2031 4147 2095 4184 eeee
2123 4125 2250 4200 definitm

1395 4251 1473 4328 Qvoe
1497 4268 1566 4308 cum
1589 4251 1636 4307 ita
1658 4251 1740 4319 tint,
1768 4252 1902 4306 nmxime
1922 4249 2112 4317 verosimile,
2138 4248 2252 4304 annom

1393 4381 1517 4428 tantum
1532 4391 1597 4428 rem
1615 4374 1805 4448 pretiosam,
1827 4371 1989 4448 plureeoe,
2013 4389 2047 4428 re
2063 4371 2113 4428 ita
2123 4369 2251 4448 serente,

1395 4493 1528 4570 gireumi
1552 4493 1672 4550 nomine
1697 4491 1835 4550 eolutam
1857 4512 1939 4562 eme,
1965 4491 2046 4548 wide
2063 4511 2126 4550 non
2142 4492 2254 4548 miran-

1393 4613 1468 4672 dum
1481 4612 1549 4672 bac
1564 4613 1671 4670 multa
1684 4613 1856 4672 ordinaria
1872 4611 2094 4672 additamenta
2109 4611 2218 4672 cimelii
2228 4631 2251 4668 o·

1395 4740 1530 4814 gbmtms
1543 4733 1593 4793 cel
1603 4731 1743 4814 gimmie
1750 4781 1759 4812 ,
1782 4737 1905 4792 nomine
1921 4738 2046 4796 oenieee.
2094 4736 2145 4794 Ee
2157 4731 2254 4792 eadem

1392 4859 1516 4915 ratione
1530 4857 1630 4936 Bougr
1643 4860 1678 4914 in
1691 4859 1833 4918 liaconis
1848 4859 1991 4918 Hoconie
1996 4857 2068 4934 filii
2081 4852 2253 4916 Gulemebm

1393 4989 1424 5036 et
1442 4978 1519 5036 aliie
1534 4983 1673 5059 antiquio
1687 4981 1857 5058 Noroegioe
1871 4979 2010 5058 legibue,
2034 4990 2071 5038 ut
2087 4991 2117 5038 et
2131 4981 2165 5037 in
2178 4975 2255 5035 Gra·

1389 5118 1474 5178 gata
1485 5113 1595 5160 nostra
1605 5101 1732 5160 denotat
1742 5103 1875 5160 multam
1884 5101 1991 5172 cadit,
2006 5121 2070 5160 non
2078 5105 2152 5180 qvia
2160 5099 2254 5178 baup,

1393 5222 1494 5282 muita
1504 5223 1599 5284 cadit
1611 5223 1776 5282 ordinaria
1788 5235 1817 5281 et
1829 5223 1939 5308 bougr,
1960 5224 2113 5294 annulue,
2134 5221 2196 5280 dua
2207 5215 2254 5275 di-
