4638 6030
812 333 1194 440 -201-

48 591 179 668 XLIII
196 589 398 698 Capituli:
431 591 478 670 oi
488 591 676 697 aueltiqvi
697 591 766 697 rip
783 589 917 671 airett.

48 881 175 962 XLIV
193 881 395 988 Capituli:
427 879 474 958 of
488 885 649 988 garplag
666 883 736 988 rip
753 877 886 958 afrett.

48 1171 158 1248 XLV
176 1172 375 1277 Capituli:
407 1169 454 1247 ol
466 1171 571 1276 luigo
588 1171 701 1250 lond.

47 1315 172 1396 XLVI
200 1317 401 1422 Capituli:
442 1313 487 1392 ol
510 1317 728 1422 aoiptiugar
756 1323 830 1423 elio
858 1315 968 1422 νῖψ-

154 1463 272 1567 ingar
292 1463 387 1540 buu.

47 1607 191 1688 XLVII
218 1608 421 1712 Capituli:
463 1605 509 1684 oi
537 1609 674 1713 vespa:
705 1635 752 1688 oc
784 1611 968 1688 almanu-

162 1753 285 1857 ingar.
527 1763 531 1772 '

50 1897 211 1976 XLVIII
228 1901 426 2005 Capituli:
458 1928 528 1977 um
546 1899 774 2006 fugladrap.

50 2045 171 2120 XLIX
191 2047 391 2151 Capituli:
423 2075 493 2122 um
512 2046 650 2149 veipar
668 2047 682 2122 i
702 2053 880 2122 viituom.

48 2191 77 2264 L
93 2192 295 2294 Capituli:
328 2191 371 2266 el
384 2219 405 2267 a
424 2191 579 2296 breytir
596 2191 746 2295 farvegi
766 2191 912 2266 sinum.

49 2337 95 2412 Ll
125 2335 329 2441 Capituli:
373 2335 418 2412 ef
443 2345 558 2441 mapr
589 2333 667 2441 fipr
700 2335 788 2442 grip
820 2359 964 2413 anuara

152 2511 312 2560 mauuz.

49 2629 111 2703 Lll
130 2629 333 2734 Capituli:
364 2629 594 2732 Relapattr.

49 2775 129 2848 Llll
150 2775 349 2878 Capituli:
381 2804 450 2850 um
470 2775 584 2877 aspar
602 2773 793 2879 llutning.

49 2921 127 2998 LIV
158 2919 360 3023 Capituli:
401 2921 445 2994 ei
472 2929 587 3023 mapa·
618 2919 766 3026 laupir
795 2919 889 2998 reka
921 2917 969 2998 oi

149 3064 264 3138 laudi
284 3092 441 3140 manna.

42 3209 106 3288 LV
125 3210 326 3314 Capituli:
358 3237 428 3285 um
447 3209 656 3290 hvalreka:

42 3357 126 3434 Ll'l
145 3355 346 3460 Capituli:
379 3384 449 3434 um
470 3354 662 3433 hvatreta
683 3384 706 3432 a
724 3353 959 3460 leigoluudi.

40 3647 156 3724 ml
180 3645 376 3750 Capituli:
416 3645 460 3722 el
486 3671 635 3722 aunurr
665 3649 781 3749 mapa·
810 3673 834 3724 a
865 3643 963 3724 lond

158 3815 233 3864 eon
251 3791 364 3866 fiitro.

46 3939 166 4016 Ll'lll
185 3938 385 4042 Capituli:
416 3963 487 4014 um
505 3934 699 4016 samuelo.

52 4083 130 4160 ΠΧ
147 4083 352 4188 Capituli:
382 4109 452 4182 un)
471 4081 651 4160 hualarir
669 4107 715 4160 oc
732 4096 960 4161 aootmauua

150 4232 229 4308 lut·
271 4247 288 4284 ³

60 4373 330 4481 lXCapituli:

58 4518 136 4596 Lxl
153 4519 350 4628 Capituli:
381 4545 452 4596 um
470 4533 568 4596 scot.

56 4665 148 4744 an
166 4665 367 4772 Capituli:
398 4693 469 4742 um
487 4663 790 4744 scotmauualut.

53 4809 166 4892 XLlll
185 4812 386 4918 Capituli:
418 4841 489 4888 um
507 4800 730 4912 tarpaeizlo
746 4805 919 4886 acotfiar.

46 4957 165 5036 mv
184 4957 385 5063 Capituli:
417 4985 488 5033 um
505 4956 667 5060 virping
684 4983 707 5030 a
725 4951 835 5032 laval.

50 5099 144 5184 le'
163 5101 366 5206 CapitulI:

48 5245 166 5330 tttv1
184 5247 386 5350 Capituli:
417 5271 488 5322 um
505 5243 705 5349 heimtiog
722 5239 895 5320 scotliar.

237 5393 300 5466 II.

1038 593 1204 669 XLIII:
1238 593 1286 669 de
1307 595 1485 670 claustris
1492 596 1714 699 famelicis,
1741 593 1794 672 od
1810 615 1957 696 pascua

1147 742 1365 816 communia
1381 742 1619 817 extruendis.

1036 885 1199 961 XLIV:
1233 887 1281 960 de
1302 911 1391 985 sepe
1412 888 1465 962 od
1480 911 1627 987 pascua
1647 888 1863 962 communia
1884 911 1955 961 ex·

1144 1046 1303 1106 structa.

1032 1171 1172 1252 XLV:
1202 1177 1397 1281 defundis
1415 1177 1791 1254 locutis-conductis.

1033 1324 1176 1398 XLVI
1182 1355 1195 1394 :
1225 1324 1273 1398 de
1290 1323 1432 1398 accolis
1449 1323 1502 1396 od
1516 1322 1753 1398 divr'dendum
1771 1321 1832 1398 rel
1845 1321 1952 1396 oesti-
2063 1379 2070 1386 .
2118 1297 2121 1306 ⁷

1144 1471 1323 1544 mundum
1341 1469 1608 1542 denominatis.
1981 1477 1985 1486 '

1033 1614 1216 1689 XLVII:
1249 1614 1298 1688 de
1321 1619 1517 1687 venatione
1539 1617 1598 1703 an
1617 1617 1776 1713 genere)
1798 1627 1840 1688 et
1859 1612 1952 1688 locis
2014 1661 2019 1674 ·

1143 1758 1306 1834 venandi
1322 1753 1602 1832 communibus.

1031 1897 1237 1979 XLVIII:
1267 1905 1316 1979 de
1333 1907 1494 2002 oncupio
1511 1907 1591 1976 avit
1608 1901 1762 1978 olienoe·

1031 2049 1193 2123 XLIX:
1223 2050 1271 2123 de
1285 2054 1508 2148 piscatione.

1029 2195 1090 2270 L:
1121 2197 1156 2268 si
1172 2197 1296 2270 omnis
1312 2194 1460 2268 alveum
1478 2192 1751 2294 derelinquerit.

1029 2340 1112 2416 LI:
1142 2342 1177 2414 si
1195 2341 1276 2443 qais
1294 2365 1371 2414 rern
1390 2339 1553 2414 alienum
1571 2341 1767 2416 invenerit.

1028 2633 1134 2710 LII:
1163 2630 1290 2706 Sectio
1312 2631 1360 2704 de
1377 2633 1654 2731 eiectamentist

1028 2778 1154 2854 LIII:
1184 2777 1232 2850 de
1249 2777 1419 2849 materiei
1437 2789 1603 2850 rectura.

1027 2923 1149 3000 LIV:
1186 2926 1224 2996 ai
1253 2925 1331 3022 qvis
1355 2924 1424 3022 jus
1455 2919 1574 2994 litoris
1602 2921 1642 2992 in
1661 2912 1793 3022 sunda
1822 2911 1949 2989 alieno

1139 3071 1286 3145 emerit.

1027 3215 1129 3292 LV:
1158 3215 1206 3290 de
1225 3211 1373 3287 balent:
1390 3213 1575 3312 ejectitiis.
1665 3288 1670 3300 ,

1027 3359 1148 3438 LVI:
1178 3360 1226 3435 de
1249 3357 1396 3434 balent:
1415 3361 1455 3429 in
1463 3355 1637 3460 fundum
1657 3351 1951 3430 locatum-'con

1139 3506 1295 3581 :luctum
1312 3505 1459 3606 ejectis.

1027 3651 1174 3732 LVII:
1212 3655 1249 3724 si
1276 3652 1345 3722 uni
1364 3644 1546 3750 fundus,
1582 3641 1694 3716 alteri
1716 3641 1785 3742 jus
1813 3637 1946 3724 litoris,

1123 3796 1266 3900 suerit.

1025 3941 1194 4018 LVIII:
1224 3937 1370 4038 dejure
1389 3934 1508 4008 litoris
1525 3933 1731 4007 communi.

1025 4087 1148 4164 LIX:
1182 4084 1230 4160 :le
1247 4081 1390 4184 jocalia
1412 4081 1564 4157 cetariis
1588 4092 1631 4154 et
1649 4078 1821 4178 portione
1837 4075 1949 4178 jaon·

1137 4231 1267 4306 lontio.

1025 4377 1126 4455 LX:

1026 4521 1128 4599 LXI
1134 4551 1148 4594 :
1178 4521 1225 4596 cle
1236 4517 1489 4622 joculatione·
1610 4523 1612 4528 ’

1025 4667 1168 4746 LXII:
1198 4667 1246 4742 de
1261 4669 1432 4765 portione
1438 4659 1665 4764 jaculantis.

1025 4813 1192 4888 LXIII:
1221 4812 1269 4886 de
1281 4808 1405 4912 jaculi
1417 4806 1586 4905 portione
1601 4787 1864 4870 custodienda.

1025 4959 1186 5034 LXIV:
1217 4955 1264 5030 de
1283 4953 1419 5026 boleno
1437 4939 1676 5022 estimanda.

1026 5103 1166 5176 LXV:

1026 5245 1189 5320 LXVI:
1218 5241 1266 5316 de
1274 5235 1400 5344 jaculi
1414 5239 1587 5336 portione
1604 5227 1808 5334 enae‘gando.

1648 5375 1680 5448 C
1697 5399 1719 5448 o
