4574 6022
771 356 1153 462 ..325-

46 623 135 700 slrett
151 619 255 722 eigo,
291 613 403 718 ²)[oc
427 614 569 716 qvepia
596 613 642 690 tit
665 611 925 696 heimilisbua
995 633 1204 718 tesqoorum
1229 637 1540 712 compescuerurn
1562 615 1807 694 condominos
1827 643 1916 696 eum

46 763 254 866 lapingi,
287 770 337 862 pa
367 785 411 835 er
438 759 563 836 nestir
588 759 667 834 buo
696 759 923 855 airettinni,
991 764 1032 834 in
1039 761 1164 856 finem
1184 763 1223 834 in
1234 764 1303 861 jus
1326 773 1475 846 vocent,
1505 763 1661 861 qvinqve
1678 764 1836 850 accolis,
1866 763 1919 838 ad

45 911 141 988 luera
158 907 265 984 hluto
283 905 373 1008 peis
391 903 474 982 aui
494 903 506 978 i
525 903 660 996 ofrett,
680 913 730 1005 pa
749 905 926 982 erdomr
991 921 1119 1008 tesqua
1161 929 1390 1004 compascua
1429 929 1618 1003 promume
1659 905 1916 983 habitantibus

43 1085 113 1147 ur,
146 1079 188 1128 oc
218 1051 371 1128 mundo
404 1050 566 1152 cignea,
606 1047 651 1124 ef
677 1050 758 1126 mal
789 1050 923 1154 peirn-a
990 1055 1181 1138 evocatis,
1214 1055 1277 1152 qvi
1298 1047 1506 1144 definiant,
1539 1065 1678 1150 quanta
1702 1077 1789 1126 cum
1810 1053 1916 1154 judi·

43 1199 102 1276 reri
122 1199 162 1272 til
184 1196 273 1274 huit
296 1212 338 1274 at
362 1195 509 1298 lbgom.
569 1193 685 1270 Nioto
709 1196 816 1271 scolo
835 1197 925 1299 peis·
989 1198 1091 1272 cium
1121 1193 1333 1270 habebatur
1360 1217 1451 1294 pars
1479 1198 1525 1266 iis
1547 1193 1673 1292 fuerit
1699 1211 1914 1298 tesqrorum
2040 1217 2046 1222 ·

43 1340 216 1443 usurpat
240 1341 365 1416 bllom
390 1346 545 1440 stbpom
569 1346 657 1439 poss
680 1365 724 1414 er
748 1348 830 1442 Pau
854 1368 923 1418 ero
990 1363 1322 1438 compascuorum,
1346 1339 1463 1414 veliis
1478 1339 1727 1439 assignanda,
1749 1345 1915 1418 sicausa

42 1485 86 1560 til.
127 1487 203 1564 Scel
221 1483 330 1587 peim
349 1492 400 1586 po
420 1481 536 1560 dbma
556 1482 680 1560 slican
702 1481 811 1578 blut,
838 1513 922 1562 sem
981 1509 1119 1563 ,eorum
1139 1482 1283 1585 legibus
1300 1487 1672 1558 couvenienteracta
1689 1489 1752 1558 sit.
1798 1485 1916 1560 Testi-

41 1637 114 1732 gbgu
137 1629 224 1706 bero
251 1630 326 1722 til,
362 1643 405 1704 ot
430 1627 519 1729 peis
546 1627 689 1702 mundi
718 1628 855 1733 cignea
881 1649 923 1708 et
989 1633 1143 1717 monia,
1171 1632 1217 1701 si
1245 1648 1331 1730 qvae
1361 1632 1401 1700 in
1430 1641 1572 1725 praesto
1590 1628 1771 1728 fuerint,
1808 1630 1915 1704 adhi-

40 1775 166 1850 ssrettar
194 1773 331 1868 domi,
371 1771 414 1848 ef
441 1781 492 1874 pa
525 1773 619 1848 vaeri
654 1776 735 1850 mbl
767 1776 929 1878 beista,
989 1770 1118 1848 beant.
1185 1773 1309 1846 Tanta
1331 1776 1377 1844 iis
1397 1771 1637 1872 adjudicetur
1654 1774 1777 1872 portio
1799 1735 1915 1874 pvon-

39 1945 96 1996 sem
115 1947 273 1996 ennarra
296 1943 441 1996 monna
462 1917 628 1994 tilbuin.
687 1919 797 1996 Allir
814 1923 921 1998 seclo
989 1933 1065 1992 tam
1086 1916 1336 2016 comprobant
1354 1920 1599 1993 auctoritates
1618 1921 1663 1990 iis
1680 1921 1912 2019 assignatam

39 2064 101 2164 peir
111 2065 227 2167 jamnt
240 2091 361 2138 rocoa
378 2063 476 2154 luta,
488 2087 540 2138 ἐι
554 2060 684 2165 jamnt
698 2061 824 2166 herpo
841 2067 923 2140 tek-
988 2065 1037 2136 iri
1057 2068 1098 2138 in
1110 2063 1257 2166 judicio
1281 2078 1491 2165 tesqvorum
1512 2085 1821 2160 compescuerum
1830 2113 1848 2150 ,
1876 2067 1913 2138 si

38 2211 88 2284 inu
111 2209 230 2311 peiora
261 2206 371 2282 hlut.
438 2205 491 2280 Et
513 2206 643 2284 sumir
671 2206 764 2287 haia
794 2212 920 2288 meisa
987 2207 1043 2284 ibi
1072 2234 1228 2296 eorum,
1270 2221 1314 2280 ut
1341 2221 1569 2282 coeterorum
1600 2205 1910 2285 condominorum

38 2349 99 2428 hait
116 2353 155 2428 as
169 2355 301 2455 peirra
327 2350 422 2428 hlut
445 2377 494 2426 en
517 2351 669 2444 sumis,
702 2359 752 2454 pa
776 2356 921 2432 scelat
985 2377 1105 2433 causa
1124 2353 1273 2457 fuisset
1301 2366 1404 2438 acta.
1475 2348 1621 2424 Omnes
1652 2352 1715 2452 qvi
1744 2363 1911 2424 tantum-

37 2497 140 2576 slicom
169 2497 261 2574 blut
294 2495 416 2572 hverr
446 2495 556 2596 peim
585 2493 702 2590 bitte,
739 2523 821 2574 sem
850 2509 921 2603 pat
985 2499 1071 2574 dem
1096 2522 1225 2574 eorum
1250 2499 1432 2597 portionis
1456 2519 1710 2592 occupavere,
1745 2507 1912 2569 tantum·

38 2645 150 2744 reyniz.
217 2645 285 2722 Nu
318 2639 446 2742 hotpo
478 2640 607 2718 sumir
639 2642 726 2716 echi
760 2643 824 2738 ai,
866 2654 918 2751 pa
982 2643 1207 2718 demetiam
1235 2645 1441 2715 remittant.
1506 2638 1553 2712 st·
1577 2637 1756 2712 nonnulli
1778 2663 1911 2714 eorum

35 2789 111 2862 scoto
125 2789 205 2892 peis
224 2789 344 2893 cingo
362 2785 454 2864 bota
475 2809 518 2869 er
537 2783 624 2862 echi
646 2783 802 2888 hbspo].
980 2788 1163 2887 portionis
1181 2791 1316 2888 magis,
1340 2809 1448 2886 qoam
1467 2781 1535 2856 alii
1550 2807 1798 2882 occupauere,
1828 2783 1908 2858 illo-

983 2957 1066 3005 rum
1093 2933 1208 3032 quivis
1232 2944 1378 3004 tanturn
1402 2933 1448 3004 iis
1470 2931 1644 3003 restituat
1665 2941 1843 3029 qvantum
1867 2931 1908 2998 in
2037 3029 2040 3036 Ι

898 3139 905 3166 .,
982 3101 1060 3152 rem
1073 3099 1202 3150 eorum
1215 3098 1361 3150 versum
1374 3097 1460 3148 esse
1470 3070 1750 3172 comprobatur.
1786 3069 1908 3175 Qvod·

980 3225 1018 3296 si
1036 3221 1149 3322 ailqvi
1169 3220 1265 3293 nihil
1284 3221 1452 3295 alienum
1475 3223 1766 3319 occupaverint,
1795 3219 1835 3293 lu'
1852 3222 1908 3291 m·-

983 3365 1039 3442 tut
1051 3391 1120 3464 pro
1138 3365 1254 3442 nihilo
1273 3365 1447 3442 reddant.

254 3621 399 3712 XLII.
437 3621 649 3712 Cmnum.
981 3557 985 3565 Ι
1263 3607 1444 3692 Τιτυιυε
1478 3603 1619 3690 XLII.

981 3772 1051 3848 De
1080 3773 1284 3871 pascuis
1313 3766 1621 3870 hyemalibus
1647 3783 1696 3840 et
1718 3771 1907 3868 pecori-

982 3899 1073 3974 bus
1106 3899 1166 3974 ad
1197 3919 1386 3996 pascua
1416 3899 1691 3970 communia
1721 3919 1908 3996 compu-

1353 4022 1530 4096 tondis.

64 3845 114 3920 Oi
140 3851 385 3956 setrhoga
424 3877 478 3926 oc
515 3867 564 3925 at
600 3846 727 3925 telio
765 3847 812 3924 fe
849 3847 864 3922 i

364 3975 540 4054 asrett.

34 4131 155 4298 iffi
170 4238 290 4286 menn
311 4201 611 4314 eigo'retrhagn
628 4233 781 4300 saman,
807 4215 916 4308 parm
985 4143 1050 4281 Si
1075 4205 1205 4306 planes
1233 4227 1462 4302 compascua
1493 4201 1696 4276 habuerint
1723 4201 1909 4303 hyemalia

32 4371 59 4420 tr
79 4351 174 4430 hross
203 4383 350 4432 manne
365 4407 377 4446 ,
417 4353 677 4456 lepusculus,
715 4360 787 4454 epa
817 4367 919 4426 naut
985 4350 1053 4425 ubi
1067 4357 1174 4452 eqm',
1202 4367 1290 4426 ores
1313 4348 1469 4424 boresve
1490 4345 1756 4466 eorumlibere
1770 4347 1909 4444 palan·

31 4517 121 4600 {tuga
150 4489 305 4577 siattata
339 4499 380 4594 i,
425 4496 527 4574 eada
562 4496 674 4600 verbi
711 4497 802 4599 pcir
836 4495 916 4600 eigi
985 4511 1071 4586 tur,
1099 4498 1148 4571 de
1169 4499 1335 4597 cujusvis
1357 4493 1514 4568 dominii
1532 4498 1704 4593 portione
1724 4516 1813 4566 cum
1835 4491 1908 4561 ori-

28 4641 149 4720 mtira
177 4645 415 4749 &gin-orl),
449 4651 500 4746 Pa
526 4643 605 4718 scal
629 4668 670 4718 sa
695 4649 810 4743 mapr
832 4641 918 4718 fara
985 4655 1049 4715 tur
1063 4641 1284 4728 dissidium,
1312 4641 1425 4742 hujus
1433 4637 1557 4734 finem
1566 4638 1708 4736 facere
1729 4635 1906 4732 cupiens,

29 4777 290 4890 ipingbrecko,
314 4816 357 4864 er
374 4788 446 4866 scil
467 4786 538 4862 vill
557 4815 578 4862 a
599 4795 708 4891 gbro,
734 4812 781 4862 oc
798 4786 917 4888 helpo
983 4787 1122 4862 clivum
1161 4788 1276 4862 adeat
1310 4783 1562 4868 comitialem,
1602 4797 1734 4854 omnes
1771 4775 1907 4848 horum

29 4923 269 5008 tirettardoms
286 4943 336 5036 Pa
355 4961 476 5008 menn
495 4935 591 5026 olla,
619 4959 663 5008 er
682 4931 775 5007 blut
793 4933 881 5037 eigo
902 4935 916 5004 i
982 4957 1293 5034 compascuorum
1311 4929 1556 5006 condominos
1573 4919 1821 5024 adjudicium
1841 4921 1907 4994 ha·

63 5259 87 5348 ι)
109 5275 194 5354 Qvod
206 5288 341 5356 stipam
358 5277 443 5338 tituli
457 5279 491 5340 B
505 5289 575 5338 cunt
590 5279 655 5338 suia
669 5276 797 5336 omittit.
1038 5265 1069 5356 ²)
1096 5277 1173 5356 Quoe
1190 5277 1277 5334 uncis
1295 5281 1435 5332 teneretur
1449 5269 1482 5330 B
1497 5285 1567 5327 cuns
1583 5268 1650 5326 suia
1665 5265 1790 5324 omittit.
