4656 6022
821 307 1202 546 ..1157ss-

70 651 200 712 stranda
214 652 249 708 in
264 647 463 725 mimic'pium
478 639 645 722 recipiendi
658 639 879 698 manumissum
897 637 978 698 108.

109 767 207 825 XLIII.

68 917 104 928 -
122 885 152 940 in
163 885 219 956 jue
238 877 373 939 vocandi
390 877 428 936 de
448 874 587 954 bigamia
608 871 803 933 FCS.XLIX.

68 1033 104 1044 -
122 998 238 1056 accolae
258 993 409 1055 evocandi
426 993 464 1051 de
483 991 596 1067 stapris
618 989 696 1046 108.
707 989 811 1046 XLIX.

68 1148 104 1160 -
120 1116 216 1192 stupri
232 1132 363 1169 caueam
382 1105 586 1167 denimtiandi
606 1105 684 1162 FCS.
695 1105 799 1161 XLIX.

67 1229 261 1310 —exigendi
283 1227 385 1302 debita
412 1229 444 1284 in
470 1224 607 1282 terminio
632 1219 769 1279 solvendi
785 1219 978 1299 peremtoria

105 1348 155 1403 CS.
165 1347 203 1406 V.

68 1459 304 1540 -proco'candi
324 1457 371 1516 ad
387 1456 543 1530 judiciam
567 1453 737 1514 debitorum
759 1451 977 1532 exigendarum

105 1580 156 1636 CS.
170 1577 253 1636 VIII.

65 1727 101 1740 ·-
118 1693 330 1768 adjudicium
343 1712 508 1770 paganum
523 1687 717 1769 provocandi
741 1689 795 1748 CS.
809 1686 887 1746 XLI.

66 1843 102 1856 -
119 1809 155 1868 de
173 1809 325 1869 domicilio
335 1813 424 1883 jacto
443 1779 601 1887 quarendi
620 1806 760 1865 108111.

64 1958 102 1972 ·-
118 1925 247 1984 arbitron
266 1927 313 1984 ad
329 1926 529 1984 decidendum
543 1921 738 2002 provocandi
758 1921 813 1980 CS.
824 1920 927 1982 LXIX.

65 2042 394 2100 -condemnationem
413 2041 617 2100 constituendi
638 2042 692 2099 CS.
702 2039 791 2098 LXX.

64 2189 101 2202 -
114 2179 221 2236 pacem
233 2159 414 2236 postulandi
433 2161 506 2217 108.
516 2160 584 2218 XV.

63 2275 156 2334 —de
181 2275 357 2334 vidneribas
384 2274 549 2334 letbalibae
574 2285 664 2333 testeo
689 2269 871 2332 contestandi
904 2271 977 2330 108.

104 2393 209 2452 XVIII.

63 2541 101 2552 -
120 2508 320 2566 denuntiandi
340 2508 470 2579 cadem,
500 2508 642 2582 vulnera,
671 2509 752 2566 ictae
773 2505 826 2566 cet
841 2523 977 2584 aggres-

105 2629 198 2684 eionet
220 2627 293 2684 JCS.
303 2629 382 2684 XXI.
415 2629 507 2685 LXII.

63 2775 103 2788 -
120 2755 206 2802 testeo
238 2743 284 2800 ad
314 2745 486 2802 tettinwnia
510 2740 647 2822 serenda
674 2737 868 2821 provocandi
903 2737 976 2798 JCS.

102 2861 235 2919 XXVIII.

62 2997 204 3056 —qvam
221 2973 390 3034 adhibeant
407 2979 526 3035 evocati
540 2980 656 3036 victam
673 2986 703 3034 et
720 2993 829 3056 equan
846 2969 886 3032 ab
903 2990 975 3032 evo-

104 3097 184 3151 canti
199 3103 386 3171 reposcentes
407 3096 479 3152 108.
492 3095 632 3154 XXVIII.

62 3241 101 3254 -·
117 3214 263 3268 actionem
278 3209 489 3269 demandandi
509 3211 668 3270 1081111.

62 3347 221 3406 -pacem
240 3337 270 3384 et
287 3331 481 3386 securitatem
499 3326 703 3387 constituendi
722 3325 794 3388 JCS·
805 3323 896 3390 CXII.

62 3475 98 3490 -·
107 3445 206 3519 fidem
216 3443 367 3524 faciundi
389 3445 461 3502 JCS.
477 3446 583 3504 CXIII.

61 3593 98 3608 -
107 3562 246 3642 standum
265 3563 384 3621 avitam
401 3561 541 3620 relocati
562 3567 584 3620 F
587 3563 642 3620 Rs.
652 3562 675 3620 1.

62 3710 98 3724 ·-
116 3680 160 3737 ad
173 3681 387 3738 auctoritatem
401 3677 604 3756 proebendarn
615 3675 808 3758 provocandi
827 3673 939 3737 11181.

62 3827 98 3842 -
114 3795 271 3856 interdicti
286 3799 369 3852 circo
382 3796 521 3875 fandum
540 3788 730 3854 vendendum
753 3793 833 3852 FRs.
844 3793 898 3852 IV.

61 3941 98 3957 -·
108 3912 247 3993 standum
266 3911 306 3970 ab
325 3913 485 3972 boterdicto
503 3912 657 3972 liberandi
676 3911 757 3970 FRS.
769 3910 821 3970 IV.

62 4059 97 4073 -
108 4029 247 4109 fundam
268 4031 423 4088 venditum
443 4031 609 4088 revocandi
634 4027 805 4088 FRS.XIIL

62 4175 98 4192 ···
115 4145 306 4226 provocandi
330 4147 377 4205 ad
392 4118 533 4227 fandum
559 4165 746 4206 contemnem
773 4139 977 4204 dividendam

100 4265 177 4322 FIIS.
189 4264 270 4324 XIV.

61 4409 99 4426 ·-
116 4384 237 4442 accolae
260 4379 306 4440 ad
326 4380 504 4440 divisionem
517 4379 618 4462 suendi
633 4377 847 4460 peragendam
861 4394 977 4455 provo·

101 4499 194 4558 candi
214 4503 236 4557 F
238 4501 284 4557 Rs
305 4501 385 4557 XIV.
655 4515 657 4520 ·

63 4643 99 4660 -
115 4619 269 4676 citationie
287 4616 500 4692 adjudicium
512 4627 659 4695 pratense
679 4613 760 4673 1118.
770 4611 868 4674 XVII.

1044 629 1189 696 bononia
1213 631 1260 692 ad
1281 633 1401 712 sylvam
1423 633 1836 696 comnumemdividcmdam
1854 657 1969 716 provo·

1089 749 1185 808 candi
1203 751 1282 808 FRS.
1291 751 1429 812 XXXIV.

1044 899 1086 912 -
1101 866 1296 945 provocandi
1312 867 1359 928 ad
1374 868 1645 932 dtamarationem
1656 871 1777 948 pecario
1797 873 1832 930 in
1846 893 1969 952 patara

1090 987 1262 1042 commanc'a
1284 985 1363 1042 Fns.
1372 985 1449 1042 XLI.

1043 1099 1157 1158 fibram
1174 1099 1279 1158 delicti
1295 1103 1450 1158 commissi
1465 1099 1673 1160 adhibendam
1695 1104 1766 1161 Jcs.
1777 1105 1868 1163 XLII.

1043 1216 1218 1296 Frumlaup,
1240 1215 1325 1276 vide:
1348 1220 1508 1296 aggressio
1528 1218 1668 1276 violenta.

1043 1332 1148 1392 andi
1160 1331 1277 1391 venditi
1289 1337 1432 1392 terminos
1447 1335 1571 1393 oculata
1586 1337 1768 1413 inspectione
1785 1337 1967 1396 contraben-

1090 1459 1135 1506 tee
1153 1448 1302 1524 deducant
1323 1451 1452 1520 111811.

1041 1599 1084 1612 -
1105 1569 1271 1624 communie
1289 1565 1397 1625 divinia
1413 1564 1521 1646 quibua
1537 1587 1574 1624 ex
1589 1568 1706 1646 regalis
1713 1568 1780 1643 fiat
1800 1569 1880 1651 1118.
1889 1571 1968 1630 XIV.

1041 1717 1084 1746 ,-
1105 1681 1269 1742 dividrmdi
1293 1679 1428 1757 tractim]
1463 1686 1492 1742 ei
1519 1683 1650 1746 diretta
1670 1684 1795 1765 fuerint
1826 1685 1970 1746 bonitatis

1086 1801 1167 1859 FRS.
1179 1800 1259 1860 XIV.

1041 1947 1083 1961 —
1103 1915 1154 1974 vei
1177 1915 1440 1984 litoriedombme
1462 1922 1635 1996 portionem
1654 1917 1880 1995 jaculatoriam
1910 1917 1966 1979 ba.-

1086 2032 1177 2090 loence
1196 2035 1336 2106 ejectitioe
1356 2047 1511 2092 conservet
1531 2037 1612 2094 FIIS.
1623 2038 1713 2096 LXII.

1041 2149 1185 2208 chdum
1211 2150 1367 2210 venditum
1391 2152 1444 2210 vel
1461 2172 1562 2212 eatena
1583 2154 1635 2214 vel
1653 2153 1786 2214 vendens
1807 2152 1849 2212 ab
1870 2157 1966 2216 inter·

1089 2267 1170 2326 dicto
1188 2266 1295 2329 biberet
1316 2271 1396 2328 FRS.
1408 2271 1462 2332 IV.

1042 2417 1085 2430 -
1106 2405 1205 2444 emeno
1224 2386 1346 2464 qvando
1368 2387 1543 2447 accolarum
1555 2386 1677 2467 fundae
1697 2387 1859 2448 interdicto
1880 2390 1968 2450 elate·

1087 2501 1159 2562 dere
1171 2513 1275 2581 potest
1296 2509 1319 2564 1
1320 2506 1376 2562 RS.
1389 2505 1442 2568 IV.

1042 2617 1169 2676 Ratae
1189 2619 1335 2697 quomodo
1354 2623 1574 2699 oppigneratur
1595 2623 1677 2680 FRS.
1685 2624 1766 2684 XIII.

1041 2767 1083 2779 -
1103 2736 1136 2792 in
1157 2732 1302 2792 alendum
1319 2733 1554 2805 sustentandam
1574 2735 1669 2796 datia
1694 2741 1775 2816 Fas.
1788 2741 1870 2799 XIII.

1040 2883 1084 2900 ι-
1103 2853 1323 2930 oppignoratae
1342 2873 1364 2910 a
1383 2855 1470 2912 tertio
1493 2853 1587 2910 etiam
1605 2853 1768 2912 relaendue
1793 2857 1874 2914 FRS.
1886 2855 1967 2920 XIII.

1040 3001 1083 3014 -
1100 2971 1175 3043 jure
1197 2971 1394 3047 protimeeeoe
1423 2969 1585 3028 obstrictus
1615 2969 1761 3050 quomodo
1785 2969 1967 3052 obserendae

1086 3085 1168 3144 FRS.
1180 3087 1260 3147 XIII.

953 3233 957 3243 ·
1041 3235 1084 3249 -
1104 3207 1180 3280 jure
1206 3208 1404 3282 protimeeeoe
1436 3202 1598 3262 obstrictae
1627 3203 1773 3285 quomodo
1803 3204 1966 3268 mittendae

1086 3324 1110 3385 1
1111 3323 1167 3380 Rs.
1177 3323 1259 3383 XIII.

1040 3467 1084 3486 -
1104 3458 1175 3496 cum
1191 3436 1334 3499 venditur
1352 3451 1443 3500 teotee
1461 3461 1577 3520 semper
1596 3440 1764 3502 adhibendi
1785 3442 1838 3500 JN.
1850 3441 1904 3504 IV·

1041 3553 1106 3615 Ra
1122 3553 1169 3614 ad
1183 3559 1360 3616 oerm'tatem
1377 3557 1568 3616 revocandae
1590 3559 1661 3616 JCS.
1674 3557 1795 3618 CXVII.

1041 3671 1145 3744 Furit,
1167 3675 1197 3731 ei
1215 3693 1295 3732 unm
1316 3674 1448 3734 aberam
1467 3673 1691 3732 insimulaverit
1714 3673 1786 3732 108.
1800 3673 1891 3734 CXV.

1039 3789 1203 3850 Ibrtiram
1223 3811 1304 3862 rem,
1336 3794 1366 3848 a·
1386 3793 1452 3870 qvis
1465 3793 1554 3866 jacto
1576 3789 1663 3848 titula
1679 3789 1837 3870 possidere
1851 3793 1967 3868 ‘mcipit

1086 3907 1159 3963 JCS.
1173 3907 1263 3964 CXV.

1041 4021 1171 4083 Rotam
1186 4019 1384 4102 mandentum
1387 4067 1398 4096 ,
1421 4025 1487 4098 ejas
1505 4025 1586 4082 notio
1607 4025 1680 4084 108.
1690 4024 1813 4088 XCVII.
1912 4012 1914 4024 ’

1041 4171 1084 4194 ·.-
1099 4138 1184 4201 cade
1202 4136 1424 4200 vindicandwn
1444 4141 1517 4202 108.
1528 4141 1651 4202 XCVII.

1039 4287 1083 4301 —
1099 4255 1137 4316 de
1153 4275 1186 4314 eo
1201 4260 1438 4316 transactionem
1446 4256 1613 4338 sacereine
1629 4259 1721 4320 liceat
1736 4261 1808 4320 Jcs.
1815 4259 1882 4320 CXI
1897 4279 1963 4318 var.

1041 4405 1084 4420 -
1100 4371 1237 4432 oblatum
1256 4375 1430 4438 10801111.
1461 4377 1598 4438 CXVIII.

966 4582 972 4593 .
1039 4521 1084 4544 ν-
1101 4509 1176 4550 utae
1197 4491 1270 4552 JCS.
1283 4494 1374 4556 CXV.

913 4865 940 4945 ·'
976 4847 1041 4964 G.

66 5021 167 5152 Gadi,
191 5077 274 5138 vide:
287 5091 417 5159 proetar.

65 5193 189 5273 Godord,
211 5199 296 5258 vide:
313 5213 463 5280 pratara.

1044 5075 1172 5138 Gradus
1206 5075 1253 5136 ad
1283 5078 1511 5138 matrimonium
1545 5071 1784 5150 contrabendum
1812 5071 1964 5154 prohibiti

1085 5191 1226 5252 FCS·III.
