4574 6022
794 385 1175 494 ..291-

136 637 190 716 Et
206 653 299 740 rata
321 664 367 715 er
386 663 454 715 sva
473 637 558 716 titii
581 639 670 741 ¹)at
683 641 795 746 ircim
815 643 950 745 pickir
1127 648 1173 723 Si
1187 673 1289 750 aqva
1305 648 1553 742 (terminans)
1571 651 1719 728 tantula
1724 653 1868 756 suerit,
1898 671 1943 730 ut

40 785 107 890 sigi
135 783 181 859 af
203 785 331 890 scipta
359 784 515 896 meiga,
554 787 714 892 pascal
742 787 830 866 sina
859 789 949 866 vico
1014 793 1192 868 divisioni
1215 819 1300 868 earn
1327 819 1406 870 nan
1431 793 1706 896 subjiciendam
1733 825 1819 875 esse
1845 827 1940 876 con·

38 929 145 1006 hrsrr
166 925 280 1008 hala.
1014 937 1177 1012 dominis
1193 938 1382 1030 uideatur,
1406 945 1563 1044 quisque
1580 967 1710 1018 eorum
1726 970 1797 1045 per
1812 952 1941 1052 singu·

1015 1079 1091 1158 larn
1112 1081 1381 1160 hebdomadem
1405 1102 1520 1161 totam
1541 1101 1682 1162 teneat.

131 1221 262 1296 Mena
289 1219 380 1326 eiga
406 1237 448 1298 at
472 1220 544 1298 nia
570 1217 749 1334 brascam
775 1221 906 1298 sinom
933 1221 948 1298 i
1134 1231 1316 1328 Tempore
1339 1238 1475 1308 aestt'vo
1499 1258 1617 1337 equas
1639 1257 1732 1311 suas
1752 1233 1941 1336 (proficis-

35 1391 193 1442 snnnrra
229 1394 379 1446 munna
414 1365 527 1444 laudi
561 1365 607 1443 oi
634 1393 770 1443 sumar
800 1375 874 1468 par
906 1393 951 1443 er
1016 1381 1168 1468 centes)
1196 1394 1354 1478 pastura
1382 1382 1581 1456 recreandi
1605 1387 1673 1484 jus
1705 1381 1872 1458 labeant
1898 1385 1941 1462 in

35 1510 274 1592 marizslatn
293 1538 339 1594 oc
357 1511 464 1607 sinen
491 1509 570 1616 eigi
591 1513 671 1588 scal
690 1510 705 1586 i
724 1511 841 1588 slatto
859 1511 947 1588 aeia.
1017 1519 1135 1610 lacis,
1169 1521 1236 1597 uln'
1258 1539 1403 1598 tractus
1424 1528 1686 1618 (antecedenti
1702 1533 1858 1616 testata)
1878 1529 1942 1604 de·

1017 1674 1133 1742 messi
1172 1695 1260 1744 cum
1299 1672 1471 1771 gramine
1512 1672 1618 1746 arida
1655 1679 1764 1748 tectis
1799 1699 1941 1751 conue-

1015 1818 1141 1886 niunt.
1223 1812 1298 1888 Ubi
1334 1829 1445 1914 prata
1483 1831 1577 1889 sunt
1612 1777 1666 1898 ad
1689 1821 1941 1922 foenisecium

459 2049 491 2084 J
583 2021 584 2026 ,
1013 1973 1232 2057 comparata
1254 1963 1362 2062 equis
1386 1963 1601 2037 recreandis
1622 1967 1734 2038 statio
1756 1963 1862 2038 lraud
1876 1963 1942 2040 eli-

1011 2117 1140 2208 gutur.

133 2256 270 2330 Hrerr
301 2260 418 2355 mapr
445 2281 468 2329 n
498 2258 618 2356 gropr·
647 2279 669 2327 a
699 2249 788 2326 sino
820 2247 948 2325 laudi.
1131 2251 1180 2323 ln
1219 2253 1369 2351 praprio
1412 2256 1596 2332 territoria
1637 2271 1772 2332 erratas
1799 2260 1941 2362 fruges

42 2395 82 2472 El
100 2407 172 2502 par
198 2397 329 2476 brion
357 2397 485 2476 merki
514 2404 607 2472 virtu
635 2394 830 2498 svarplast
854 2393 952 2470 land
1018 2401 1175 2499 quisque
1199 2400 1342 2496 capiat.
1400 2399 1445 2472 Si
1470 2421 1584 2503 aqvoe
1611 2405 1852 2492 terminales,
1884 2404 1942 2478 al·

41 2541 195 2620 silandi
216 2571 378 2648 manna,
405 2568 451 2618 oc
470 2571 494 2620 a
511 2567 552 2618 sa
572 2539 683 2616 holm
705 2568 749 2616 er
767 2549 840 2643 apr
858 2540 949 2634 atti,
1017 2567 1129 2616 veum
1153 2547 1352 2641 pristinum
1375 2545 1702 2647 derelinquentes,
1731 2577 1803 2650 per
1822 2553 1944 2625 conti-

41 2713 78 2762 oc
98 2718 118 2764 ι
140 2687 253 2764 hana
278 2705 320 2766 st
343 2705 437 2794 nyta
462 2714 525 2764 ser
546 2685 753 2789 patland,
782 2713 848 2762 sva
867 2711 951 2761 sem
1019 2701 1171 2761 nentem
1198 2691 1370 2788 gramine
1398 2703 1535 2762 tectam
1563 2695 1779 2788 eruperint,
1815 2695 1943 2769 insula

42 2829 136 2908 hana
155 2835 253 2926 vill,
284 2859 334 2910 en
357 2835 435 2937 eigi
459 2811 669 2909 scal-hann
690 2831 803 2936 lyriti
823 2829 948 2907 veria.
1004 2831 1131 2935 fundi
1148 2831 1341 2906 dominum
1365 2849 1561 2932 sequatur.
1620 2834 1686 2908 Ετ
1705 2841 1855 2937 prapria
1875 2863 1943 2914 ua·

43 2979 147 3054 Hsnn
167 2979 248 3054 scal
266 2977 362 3056 fella
380 2979 492 3072 ratu,
521 2977 565 3053 ei
579 2977 690 3053 hann
710 2978 801 3072 vill,
827 2995 917 3082 aptr
937 2977 951 3052 i
1019 2977 1166 3050 luntate
1188 2976 1288 3052 lranc
1313 2992 1449 3050 terram
1473 2983 1511 3051 in
1533 2981 1722 3078 pmpriam
1745 2996 1946 3056 convertat

43 3147 108 3198 ean
128 3123 244 3201 forna
263 3121 414 3230 larveg.
468 3123 556 3228 Eigi
575 3125 656 3200 scal
678 3121 838 3222 ²)hann
858 3124 952 3200 reka
1020 3121 1246 3212 utilitatem,
1279 3125 1349 3198 secl
1370 3124 1569 3198 interdicta
1590 3151 1674 3198 eam
1699 3151 1748 3200 ne
1769 3125 1940 3201 claudat.

44 3267 74 3344 te
89 3271 156 3346 siu
174 3269 187 3346 i
206 3279 277 3374 pat
298 3269 418 3365 land,
449 3297 499 3346 en
522 3269 601 3374 eigi
622 3278 766 3370 varpar
784 3268 950 3361 hanom,
1018 3265 1174 3372 Aquam
1194 3272 1234 3341 in
1252 3270 1402 3344 alveum
1420 3275 1619 3369 pristinum
1638 3271 1795 3374 dirigat,
1822 3274 1858 3345 si
1874 3297 1944 3346 ua·

43 3423 118 3516 batt
149 3427 300 3521 Pangat
333 3417 446 3520 verpi
482 3415 711 3519 misgirngor
745 3413 834 3492 fias.
906 3411 958 3489 Et
1019 3417 1146 3491 luerit.
1212 3415 1361 3490 Pecara
1392 3439 1464 3490 sua
1495 3415 1612 3507 (alter
1643 3419 1736 3514 ripoe
1763 3421 1944 3515 oppositae

45 3561 122 3666 engi
142 3589 186 3638 er
205 3562 218 3637 i
238 3562 305 3664 psi
327 3561 464 3654 laudi,
496 3587 543 3637 oc
566 3563 646 3636 scal
669 3561 778 3637 hana
799 3586 864 3635 sva
884 3559 955 3662 rip
1019 3562 1213 3656 daminus)
1231 3587 1276 3633 eo
1295 3561 1399 3634 lraurl
1414 3575 1520 3662 agat,
1548 3561 1618 3635 sed
1633 3587 1679 3634 ea
1697 3565 1870 3662 quamuis
1887 3586 1945 3634 er·

46 3716 176 3807 narba,
216 3733 297 3784 sem
333 3705 347 3780 i
383 3704 482 3780 hans
515 3706 625 3780 laudi
659 3732 699 3782 se
737 3707 955 3806 ³)[annars
1020 3709 1213 3793 raverint,
1243 3719 1387 3780 reatum
1408 3731 1485 3778 nan
1504 3707 1676 3778 incurrit.
1734 3705 1780 3778 Si
1792 3719 1942 3803 pratum

47 3853 167 3954 engi],
200 3879 250 3928 en
278 3848 435 3954 eigandi
462 3851 542 3925 scal
565 3875 630 3925 sva
655 3849 797 3953 yrkia,
830 3847 954 3924 semi
1021 3853 1060 3922 in
1093 3849 1219 3924 insula
1237 3850 1389 3950 fuerit,
1425 3853 1478 3921 ita
1511 3847 1583 3922 lroc
1614 3845 1828 3936 custodiat,
1862 3851 1947 3926 acsi

46 4023 174 4074 snnsrs
198 3992 310 4074 laudi
337 4021 377 4070 se
405 3993 574 4094 ⁴)[hans
599 3993 727 4097 engi].
789 3989 842 4068 El
860 3992 952 4096 engi
1020 3993 1186 4068 alienum
1206 4006 1356 4092 pratum
1380 3995 1421 4066 in
1442 3995 1560 4092 ipsius
1567 3992 1701 4096 sunda
1722 3997 1835 4068 situm
1845 3995 1944 4096 fue·

46 4167 109 4216 vex
135 4142 148 4216 i
175 4157 262 4218 vata
288 4139 519 4242 sarvegnom
547 4137 686 4229 forna,
720 4145 771 4239 pa
799 4165 821 4213 a
849 4133 955 4212 hatti
1021 4142 1070 4210 rit
1076 4189 1094 4226 ,
1128 4137 1377 4240 dominusque
1402 4143 1504 4237 prati
1526 4139 1599 4217 lroc
1626 4139 1757 4215 iisdem
1783 4139 1945 4216 cautelis

44 4281 153 4362 hnarr
168 4288 301 4392 peirru
321 4293 406 4390 pat,
432 4309 476 4360 er
495 4280 591 4357 tund
610 4281 699 4388 eigo
718 4281 788 4386 rip
805 4289 892 4386 Par.
1022 4297 1166 4372 utatur,
1189 4309 1236 4360 ac
1254 4288 1290 4358 si
1304 4288 1343 4356 in
1362 4283 1626 4390 alienofunda
1643 4291 1682 4362 ei
1693 4298 1844 4386 pratum
1849 4285 1944 4388 sue-

1019 4430 1083 4502 rit.
1140 4429 1186 4502 Si
1203 4443 1353 4528 pratum
1377 4431 1417 4502 in
1440 4429 1550 4506 alvea
1571 4432 1733 4530 pristina
1754 4431 1941 4514 evenerit,

1017 4571 1171 4646 dimidia
1197 4596 1288 4671 pars
1316 4575 1480 4672 eiusad
1506 4577 1677 4676 quemuis
1704 4571 1941 4645 dominorum

1016 4715 1222 4813 confinium
1242 4723 1444 4816 pertineat.

58 4935 1941 4972 mum

94 5088 120 5178 ¹)
144 5105 176 5164 B
190 5123 261 5162 cuns
273 5105 338 5162 ruis
352 5102 447 5180 legit:
466 5109 497 5162 st
509 5094 596 5188 peius
610 5089 721 5184 hlylsir
734 5095 796 5174 sigi
809 5104 839 5158 st
852 5045 954 5176 scipta,
1073 5082 1106 5271 Ἄ
1135 5095 1230 5154 Uncis
1247 5092 1370 5152 inclusa
1387 5091 1420 5152 B
1436 5091 1586 5150 cumanis
1601 5093 1725 5152 omittit.

134 5215 168 5260 ut
183 5223 257 5264 sam
273 5201 454 5262 distribuere
470 5203 511 5260 iis
528 5195 756 5274 nonexpresse.
1131 5193 1165 5254 B
1179 5211 1248 5250 curn
1261 5193 1327 5252 suis
1343 5191 1477 5250 ontulit.-
1502 5187 1577 5252 hm
1592 5190 1669 5270 engi.

92 5285 119 5378 ²)
143 5303 174 5360 B
189 5321 262 5366 curn
280 5303 344 5360 ruis
359 5301 457 5378 legit.-
481 5297 570 5372 him,
592 5299 658 5356 iste.

1601 5421 1717 5502 002
