4638 6030
827 391 900 422 ‚...
962 333 1072 443 209
1139 401 1208 422 ..-

174 591 987 700 Eisseirimennhosonttlandit¹)'[ennl]
1108 611 1111 622 ·
1165 597 1211 672 Si
1233 600 1364 698 plures
1376 599 1551 706 fundum
1577 599 1787 680 venditione
1811 591 1980 704 aequet-J

70 764 120 816 oc
147 737 248 818 hefi'r
277 759 319 818 ot
350 743 479 820 solum
509 741 630 835 ierit,
671 752 723 844 pa
753 745 832 820 scal
866 741 989 817 hverr
1054 756 1133 817 tum
1158 752 1369 835 tenuerint,
1403 751 1563 848 qvisqvis
1583 773 1714 823 eorum
1738 772 1830 822 suos
1846 753 1976 824 emtio-

73 885 196 988 peirra
221 869 419 964 trabem
445 885 571 992 kaups
593 905 698 966 natta
721 884 834 981 sina',
867 896 918 990 pn
942 913 988 962 er
1052 894 1114 964 nis
1130 891 1351 966 venditionis
1369 907 1483 966 testes
1499 893 1610 967 domo
1624 909 1814 982 evocatos,
1829 893 1974 994 judicio

72 1031 156 1132 μὴ
179 1030 267 1108 haia
293 1031 456 1108 beiman
479 1033 631 1134 qvadda
644 1087 658 1127 ,
689 1051 731 1109 at
748 1032 881 1126 domi,
913 1039 986 1134 epa
1051 1061 1180 1112 coram
1196 1039 1357 1136 produci
1358 1039 1506 1139 faciat,
1536 1037 1596 1112 vel
1610 1041 1722 1112 etiam
1741 1039 1912 1126 accolas,
1938 1041 1975 1112 si

77 1175 173 1270 bun,
200 1175 245 1254 ef
263 1177 375 1280 peirn
402 1177 520 1254 villan
545 1173 688 1256 vatter.
752 1176 872 1280 ²)[nf
891 1203 987 1254 nac·
1053 1196 1167 1256 testes
1195 1185 1244 1258 iis
1271 1184 1476 1284 defuerint.
1543 1181 1588 1254 Si
1613 1186 1692 1283 qvis
1719 1209 1874 1274 eorum,
1912 1187 1976 1287 qvi

82 1324 515 1428 qrammaprveiteigi,
534 1319 984 1418 merstrhe'firlandir,
1040 1331 1137 1430 jure
1157 1329 1314 1404 dominii
1322 1327 1496 1429 fundum
1521 1341 1701 1416 tenuere,
1734 1330 1970 1404 reinitionem

80 1485 115 1543 st
134 1469 206 1572 lyst
228 1492 269 1545 se
294 1469 340 1544 til
367 1470 531 1573 brigpor
554 1469 599 1544 oi
618 1469 738 1563 land,
773 1479 847 1572 epa
868 1463 987 1571 ma'pr
1050 1475 1313 1550 denuntiatam
1345 1499 1431 1549 esse
1462 1475 1688 1562 nesciverit,
1726 1473 1810 1562 vel,
1846 1475 1894 1550 de
1924 1501 1972 1550 ea
2127 1543 2131 1556 .

78 1639 136 1688 ma
159 1615 234 1718 eigi
258 1613 305 1690 oi
324 1615 440 1692 koma
463 1614 635 1690 heimild
657 1615 764 1691 sioni
791 1616 837 1690 til
849 1669 864 1706 ‚
896 1624 987 1716 pott
1051 1627 1215 1721 qvamvis
1231 1626 1370 1695 certior
1371 1620 1511 1721 sactus
1516 1673 1532 1708 ,
1562 1635 1754 1696 auctorem
1772 1643 1884 1694 suum
1902 1621 1972 1694 ad·

79 1755 184 1834 haun
205 1755 280 1834 bati
302 1779 440 1866 spurt,
470 1787 517 1836 oc
539 1761 620 1838 scel
642 1785 682 1836 sn
706 1769 821 1862 mapr
843 1758 985 1862 qnepia
1035 1763 1150 1868 ferre
1173 1791 1250 1840 non
1270 1769 1456 1864 potnerit,
1487 1765 1551 1840 ille
1569 1771 1725 1867 qvinqve
1743 1769 1806 1838 sui
1820 1766 1972 1839 domici-

78 1899 322 1983 heimitisbua
350 1910 387 1988 V
413 1907 499 1984 eina
528 1935 549 1982 a
577 1905 717 2008 pingi,
753 1921 794 1981 at
821 1905 915 1981 hero
944 1903 990 1980 ot
1051 1909 1093 1984 lii
1108 1911 1260 1986 accolas
1278 1914 1317 1982 in
1336 1913 1496 1985 comitiis
1513 1924 1663 1996 evocet,
1694 1908 1968 2006 utdt'spiciant,

69 2055 150 2152 Pet,
169 2049 284 2128 hvnrt
301 2080 341 2130 sa
357 2061 473 2154 maPr
487 2051 675 2128 heimitdi
691 2049 838 2126 henum
856 2049 987 2126 landit
1050 2081 1102 2128 an
1120 2055 1200 2158 ille,
1224 2082 1329 2159 qvem
1344 2055 1548 2154 proetendit
1561 2069 1600 2128 et
1617 2059 1768 2128 nomine
1784 2058 1969 2144 nominet,

69 2203 136 2298 οἱ»
163 2198 267 2301 eigi,
301 2225 383 2274 sem
413 2197 520 2272 honn
551 2207 678 2300 qvepr
705 2227 751 2290 a,
786 2221 833 2271 oc
861 2194 983 2272 aesna
1035 2201 1210 2305 fundum
1229 2205 1267 2278 ei
1276 2207 1383 2306 justo
1399 2201 1505 2274 titulo
1520 2199 1723 2275 tenendum
1739 2200 1969 2288 tradidisset,

68 2339 187 2420 hano.
249 2347 314 2420 Nu
336 2344 520 2446 berrpat
542 2341 793 2446 qvipribng
815 2339 981 2436 hanom,
1049 2373 1122 2423 nec
1149 2374 1214 2424 ne.
1278 2347 1325 2421 Si
1345 2347 1497 2422 veridici
1518 2350 1558 2419 ei
1578 2346 1814 2420 commodum
1841 2345 1972 2420 edixe-

61 2493 108 2588 [κ
133 2486 253 2564 heldr
277 2488 385 2564 bonu
409 2491 505 2566 costi
525 2489 673 2565 sinam.
717 2488 792 2563 “En
811 2486 855 2564 ef
869 2495 985 2590 mepr
1049 2496 1126 2568 rint
1142 2495 1321 2603 ffrtum,
1339 2498 1430 2594 jure
1447 2517 1518 2568 suo
1537 2516 1613 2565 non
1632 2491 1748 2566 cadit.
1812 2489 1923 2592 Qvod
1936 2492 1972 2564 si

58 2659 151 2738 μη
183 2634 264 2738 eigi
298 2637 439 2738 qvepia
472 2631 692 2710 heimildar
719 2661 842 2710 mann
870 2635 981 2727 sinn,
1049 2645 1130 2743 qvis
1146 2640 1194 2714 de
1213 2641 1411 2715 reluitione
1428 2639 1678 2724 denuntiata,
1708 2637 1874 2737 qvamvis
1890 2661 1972 2712 cer·

54 2777 159 2858 enda
188 2778 272 2854 hafi
302 2779 410 2858 huon
438 2797 553 2886 spurt
578 2797 620 2857 et
644 2779 754 2856 hann
778 2777 883 2854 hefir
905 2781 986 2883 lyst
1050 2791 1123 2860 tior
1125 2787 1285 2888 factus,
1314 2800 1505 2860 auctorem
1524 2807 1636 2856 suum
1657 2807 1733 2854 non
1749 2805 1972 2880 provocave-

52 2927 93 3000 o’t
123 2927 301 3030 brigpar
327 2927 372 3002 oi
391 2911 543 3020 tandit,
579 2952 625 3000 oc
653 2925 786 3030 spillir
812 2951 852 3000 sa
879 2924 984 3028 syris
1050 2936 1114 3021 rit,
1136 2937 1323 3032 propriam
1343 2930 1406 3006 itte
1424 2933 1528 3004 vitiat
1542 2950 1718 3012 causam,
1743 2950 1879 3000 necea
1897 2945 1971 3000 oes·

47 3071 217 3148 riulfum
241 3097 326 3164 ser,
357 3099 404 3148 oc
428 3073 506 3148 scol
531 3069 680 3146 hanom
700 3069 787 3144 ecki
807 3069 846 3145 se
865 3069 983 3146 dfima
1050 3091 1128 3153 tate
1143 3083 1321 3176 pecuniae
1337 3079 1375 3150 ei
1390 3074 1670 3177 adjudicentur,
1699 3070 1769 3145 sed
1786 3073 1973 3146 nihilomi-

46 3217 171 3320 tpvi
201 3218 357 3310 sumti,
395 3243 444 3293 en
471 3227 524 3318 po
549 3219 630 3294 scol
658 3215 775 3291 diima
803 3243 825 3290 a
852 3213 987 3290 hendo
1049 3247 1124 3296 nus
1147 3226 1186 3296 ei
1205 3221 1501 3326 injungendum,
1536 3233 1580 3291 ut
1590 3217 1765 3322 fundum
1790 3223 1970 3304 remittat,

46 3359 208 3439 bonnm
247 3380 290 3438 st
323 3361 435 3438 hann
473 3363 544 3442 loti
583 3363 707 3440 rakna
744 3359 876 3436 landit
910 3369 984 3463 epa
1049 3367 1110 3445 vel
1122 3371 1283 3467 pretium
1288 3366 1429 3469 fundi,
1452 3367 1488 3439 s'i
1505 3389 1592 3440 eum
1612 3341 1861 3438 vendiderat.=
1886 3361 1973 3464 Qvi·

46 3511 214 3612 serpit,
246 3507 291 3586 es
303 3507 434 3584 landit
452 3535 496 3584 er
513 3509 604 3586 seit.
662 3509 733 3584 Sta
758 3505 839 3582 scal
861 3503 985 3582 hverr
1048 3539 1197 3616 cunque
1220 3516 1324 3588 iruna
1337 3511 1513 3614 fundum
1540 3513 1746 3584 tenentium
1770 3512 1972 3582 auctorita·

47 3655 195 3756 }›eirn
213 3681 377 3748 manna,
408 3654 566 3730 erlend
584 3662 655 3756 pat
672 3651 777 3728 hefir
795 3667 872 3744 att,
903 3652 984 3726 leto
1050 3673 1108 3734 tes
1125 3683 1235 3747 suas,
1258 3671 1372 3757 prout
1388 3657 1461 3754 ipsi
1474 3653 1710 3728 commodum
1728 3665 1805 3737 est,
1826 3650 1971 3752 judicio

49 3799 151 3876 Ῑόη
188 3807 286 3905 gogn
321 3799 384 3876 sin
420 3799 435 3875 i
471 3798 592 3894 dom,
636 3823 718 3875 sem
753 3795 904 3873 henum
939 3821 984 3872 et·
1048 3828 1176 3880 coram
1202 3803 1365 3903 proferri
1377 3799 1536 3902 sociat,·
1573 3821 1651 3869 non
1680 3817 1781 3868 unus
1809 3793 1970 3868 alterurn

49 3943 199 4052 Εὗρε,
230 3945 325 4050 pari
348 3947 439 4050 engi
466 3970 611 4022 sonore
639 3959 681 4020 at
706 3941 801 4045 bipa
829 3958 870 4018 at
894 3939 981 4044 pri,
1048 3951 1288 4048 opperiatur,
1320 3945 1373 4020 ad
1391 3958 1602 4020 curatorem
1612 3941 1787 4044 fundum
1809 3941 1973 4016 venden-

58 4117 135 4170 m
163 4101 243 4196 Im·
274 4091 415 4186 Ιὸωῐ,
454 4117 498 4168 el·
530 4087 827 4191 fiarvarpvoizlo
860 4112 983 4162 menn
1050 4107 1124 4168 tem
1142 4092 1263 4167 donec
1279 4105 1498 4192 perventum
1517 4103 1590 4164 est,
1650 4083 1752 4162 Aliis
1769 4087 1974 4162 auctorita.

64 4239 158 4316 teldi
190 4237 339 4316 landit.
412 4236 602 4313 Heimilis
638 4234 719 4313 buo
755 4233 868 4310 fimm
901 4231 987 4309 scal·
1049 4236 1151 4314 tibus
1170 4236 1456 4331 deficientibus,
1486 4237 1645 4339 qvinqve
1665 4238 1772 4334 ejus,
1801 4237 1840 4306 r'n
1863 4239 1972 4334 qvem

71 4377 182 4462 hves-r
200 4385 337 4488 peirra
359 4381 501 4485 φορὴ
519 4390 607 4484 pecs
624 4389 768 4456 mionz
778 4426 792 4473 ,
824 4403 868 4454 er
885 4395 1001 4470 sotto¹
1047 4389 1189 4488 agitur,
1217 4361 1396 4457 domicilii
1410 4379 1562 4456 accolas
1579 4391 1724 4467 evocet,
1754 4381 1903 4476 qvisqve
1919 4375 1974 4450 ad

79 4547 137 4620 er,
161 4533 203 4608 til
222 4527 443 4606 heimi-ldsr
459 4525 673 4622 citandis,
702 4533 797 4630 Pars
814 4523 894 4630 eigi
908 4549 984 4600 ero
1040 4534 1189 4633 justum
1208 4550 1320 4603 suum
1325 4526 1501 4630 fundum
1521 4523 1676 4602 tenendi
1690 4519 1870 4595 ctutum.-

75 4675 400 4782 anagogem.
494 4669 499 4680 ·
555 4658 596 4709 ·'
757 4665 761 4675 '
978 4667 993 4749 ·.
1105 4659 1109 4666 ’
1658 4643 1663 4653 ’

172 4826 231 4900 En
274 4819 319 4896 ef
354 4843 551 4920 nooqvorr
591 4816 689 4894 scilr
724 4843 751 4893 a
786 4814 833 4890 oi
867 4813 984 4892 lande
1165 4817 1276 4920 Qvod
1290 4823 1326 4892 si
1339 4819 1387 4894 de
1393 4813 1544 4913 finibus
1547 4807 1674 4913 fundi
1689 4808 1789 4879 inter
1805 4823 1872 4879 eos
1889 4827 1968 4880 non

74 4967 188 5044 merki
200 5020 216 5061 ,
253 4973 306 5070 pa
342 4965 452 5041 soolo
487 4961 686 5041 landbuor
718 4965 755 5044 V
790 4959 905 5038 scilia
942 4955 988 5034 ot
1048 4969 1281 5052 convenerit,
1290 4961 1416 5066 fundi
1426 4957 1572 5033 accoioe
1584 4973 1650 5028 eos
1663 4947 1860 5047 definiant.
1899 4951 1969 5024 Ju-

108 5273 142 5370 ¹)
167 5285 526 5344 emmeramum.-
551 5285 651 5346 enne
991 5313 998 5330 .
1101 5267 1134 5360 ²)
1160 5273 1841 5359 ommatemuurnemrusommn.
1903 5301 1907 5310 -

254 5409 320 5486 11.
1672 5397 1746 5474 nd
