4594 6044
766 277 855 357 -'
905 264 1013 372 115
1082 327 1153 354 -·

24 549 107 644 pest
126 563 160 614 er
178 532 293 616 nverk
317 531 375 608 let
396 526 522 636 iylgia
532 579 547 623 ,
581 548 648 606 sva
670 543 713 604 at
734 528 825 632 peis
842 525 928 606 veri
994 529 1067 606 sed
1080 543 1197 606 extra
1212 527 1271 604 rei
1283 541 1406 634 gesioe
1423 527 1549 607 locum
1567 527 1623 606 ila
1637 541 1856 633 protegunt,
1881 541 1926 604 ut

29 687 125 764 hana
149 683 232 760 oddi
262 706 310 756 oo
340 671 468 781 eggio'
484 703 531 754 oc
562 683 707 778 vespas
737 683 808 780 pst
839 675 932 752 fior.
993 681 1077 755 acie
1098 694 1140 754 et
1158 679 1316 778 cuspide
1336 703 1423 754 eum
1445 693 1707 782 propugnent,
1736 675 1849 753 exilii
1872 690 1925 754 ie·

26 835 246 936 bsngsgsrp,
284 825 329 902 ei
356 825 435 929 eigi
468 851 513 900 er
540 851 564 900 a
593 821 795 926 vetvongi.
862 823 929 901 Nu
994 841 1150 901 nentur.
1214 823 1277 904 As
1298 829 1339 900 in
1364 829 1562 930 angustias
1582 825 1751 930 profugit
1773 823 1923 930 aliqvis,

17 979 124 1086 leypr
144 985 254 1078 mapr
271 973 286 1048 i
306 970 468 1074 einstigi
489 997 536 1048 oo
554 969 693 1048 stando
713 996 835 1045 menn
854 977 930 1072 pm·
993 987 1035 1050 et
1054 971 1105 1049 ab
1126 971 1213 1048 aliis
1234 975 1306 1048 boc
1330 974 1441 1050 modo
1459 980 1690 1076 protegitur,
1724 987 1803 1050 tum
1826 977 1925 1048 inse·

19 1123 102 1202 bris
118 1122 273 1214 hanom,
300 1129 352 1223 pv
371 1118 460 1222 eigs
479 1118 570 1222 peis
589 1145 634 1194 cr
652 1114 868 1223 eptirsiskia
888 1133 930 1192 nt
993 1129 1151 1226 qventes
1170 1144 1238 1198 eos
1255 1120 1473 1221 postulent,
1503 1137 1548 1197 ut
1562 1121 1764 1198 discedant
1779 1135 1819 1198 et
1835 1145 1923 1198 eum

17 1273 124 1375 beipa
142 1269 233 1346 hina
252 1268 445 1372 iragbngo
463 1275 535 1368 epi·
551 1263 741 1342 iromsblo
757 1245 799 1340 at
815 1261 927 1366 peius
990 1265 1170 1372 prodant.
1228 1269 1275 1344 Si
1297 1268 1504 1370 postulati,
1537 1273 1704 1374 qvamvis
1721 1295 1815 1346 eum
1838 1287 1928 1370 'pro-
1991 1230 2001 1248 ἱ

21 1417 161 1497 muni.
214 1420 273 1494 En
293 1413 440 1518 eipeir
458 1411 556 1488 viiia
575 1410 687 1488 hann
706 1410 786 1514 eigi
806 1407 929 1487 iram·
994 1415 1085 1494 dere
1119 1417 1335 1508 noluerim,
1372 1417 1534 1494 exilium
1568 1416 1644 1493 sibi
1675 1416 1925 1496 contrahunt.

23 1561 490 1670 selis,1nerbeittvsr,
520 1585 569 1636 oc
587 1567 732 1662 vesper
748 1567 820 1662 pat
837 1555 930 1636 fior-
994 1563 1121 1642 Eoetra
1147 1565 1272 1670 locum
1298 1570 1357 1642 nei
1375 1581 1498 1671 geste
1520 1570 1706 1668 protectio
1730 1563 1841 1642 modo
1863 1561 1929 1640 do·

26 1711 246 1820 bsugsgsrp3
288 1707 333 1788 el
364 1707 445 1814 eigi
482 1733 528 1786 er
561 1735 585 1786 a
623 1704 807 1812 vetvungi
820 1758 835 1802 ,
874 1712 929 1810 pa
985 1711 1103 1812 finita
1125 1733 1243 1814 paeua
1266 1729 1514 1804 coerceatur,
1547 1713 1750 1790 dummodo
1775 1711 1926 1816 aliqvis,

29 1871 152 1964 ηψπ
166 1887 227 1938 ssa
248 1855 464 1959 firirstapa,
487 1879 571 1934 sem
589 1881 648 1932 nu
666 1881 739 1932 ver
756 1854 857 1948 tint,
889 1851 935 1930 ef
994 1862 1062 1937 cui
1082 1863 1250 1962 seipsum
1276 1861 1338 1940 vel
1355 1861 1454 1938 alios
1474 1859 1612 1937 ibidem
1634 1859 1845 1938 ulciscendi
1859 1863 1927 1962 jus

22 2007 154 2086 nokors
181 2015 295 2110 msps
326 2003 435 2082 sbkir
464 2028 505 2082 so
535 2001 643 2108 eptir
671 2001 807 2082 essin
835 2029 859 2080 e
888 2013 931 2078 at
993 2007 1213 2085 concedunt
1230 2008 1349 2114 leges,
1378 2013 1575 2085 insecutus
1593 2011 1657 2083 sit.
1716 2007 1797 2084 Sed
1811 2021 1927 2084 entra

22 2151 127 2234 beina
150 2163 222 2260 Ρη
238 2171 281 2232 at
297 2153 434 2257 lbgum
455 2158 527 2254 eps
545 2173 692 2228 annues
709 2175 846 2244 mann,
877 2173 930 2224 en
997 2161 1054 2232 rei
1072 2169 1196 2259 gestas
1219 2155 1346 2252 locum
1373 2160 1431 2233 rei
1449 2171 1573 2260 gestat
1597 2151 1820 2232 loesionibus
1837 2157 1927 2258 jure

22 2303 124 2410 peygi
151 2311 269 2408 verbs
295 2298 454 2405 ohelgir
479 2297 572 2404 peis
599 2322 724 2394 menn
752 2321 799 2372 er
825 2291 931 2402 syris·
996 2303 1209 2408 irfferendis
1231 2327 1463 2407 neqvaqvam
1486 2307 1655 2404 expositi
1670 2303 1765 2378 sint.
1830 2300 1930 2378 Pro·

21 2449 140 2528 sisnds
150 2504 166 2548 ,
194 2448 241 2528 ei
256 2447 334 2554 eigi
358 2471 404 2524 er
425 2474 449 2524 u
471 2413 691 2562 vettv'sngi.
750 2445 828 2522 Um
848 2429 932 2548 bau
998 2455 1110 2527 tectio
1131 2465 1248 2526 extra
1266 2451 1324 2526 nel
1336 2465 1460 2555 gestoe
1477 2449 1603 2526 locum
1622 2447 1676 2526 lbi
1692 2446 1930 2526 solummodo

23 2597 125 2674 nerk
154 2605 300 2700 smper
331 2593 545 2701 fyrirstapo
579 2589 668 2668 fisis
700 2606 798 2668 utan
832 2605 934 2668 vett·
998 2613 1144 2674 reatum
1176 2597 1326 2696 adfert,
1368 2595 1437 2672 ubi
1470 2595 1650 2672 laesiones
1683 2596 1830 2686 illatoe,
1870 2594 1931 2672 vel

24 2771 132 2850 sang,
168 2771 214 2822 er
243 2743 323 2849 lysi
350 2747 472 2843 verpa
505 2753 630 2816 annot
660 2739 721 2816 112
754 2705 830 2842 sps
859 2745 934 2842 eps
997 2759 1089 2821 ante
1108 2741 1169 2820 vel
1180 2757 1271 2844 post
1281 2747 1553 2846 protectionem
1568 2747 1780 2847 proestitans
1797 2747 1851 2816 ita
1865 2739 1930 2818 tle·

22 2857 640 2994 siban,sieatbiargirvar1›i.
703 2884 933 2992 Fyrirstapu
998 2894 1228 2968 nuntiantur
1233 2865 1329 2982 ,nt
1349 2891 1617 2994 opitulationes
1638 2887 1713 2968 sub
1732 2909 1850 2992 patna
1873 2883 1929 2964 lc·
2024 2945 2030 2954 -

21 3061 57 3114 ns
75 3039 127 3114 oti
151 3065 196 3116 er
218 3037 298 3144 εἰεί
320 3045 441 3140 verpr
463 3061 486 3110 a
509 3031 739 3136 vettvangi,
770 3039 842 3136 pst
863 3055 932 3108 ero
994 3039 1077 3143 gab‘
1104 3035 1278 3114 inhibitas
1304 3042 1398 3114 sint.
1461 3037 1530 3116 De
1552 3039 1788 3142 protectione
1814 3049 1929 3114 extra

20 3187 81 3263 alit
107 3185 237 3264 stefno
266 3185 399 3280 sakis,
436 3207 483 3259 oc
511 3179 592 3258 scal
622 3177 767 3284 qvepia
784 3178 846 3263 sil
874 3179 933 3256 tx
999 3185 1125 3261 locum
1156 3189 1214 3262 tei
1238 3200 1362 3290 gestas
1389 3190 1589 3286 proestita,
1623 3189 1753 3262 citatio
1782 3169 1932 3284 semper
2059 3171 2063 3184 '
2225 3177 2231 3188 '

20 3332 85 3410 bm
107 3363 128 3410 s
152 3331 268 3438 pingi
290 3341 421 3436 papan
443 3327 562 3422 isra,
591 3353 676 3406 sem
693 3331 760 3403 soc
780 3325 931 3432 giis-pin.
997 3329 1249 3422 adbs'beatur,
1281 3347 1323 3410 et
1345 3359 1479 3409 novem
1502 3331 1677 3423 accoloe,
1710 3332 1836 3416 locum
1863 3327 1930 3406 ubi

18 3479 57 3558 s·
74 3489 188 3585 ηιμ
209 3505 255 3557 er
275 3479 355 3555 ooli
380 3477 428 3554 til
449 3475 563 3560 domn
584 3503 607 3556 c
631 3475 730 3552 leun
751 3499 798 3550 er
819 3468 932 3550 hann
997 3503 1120 3556 causa
1146 3477 1347 3556 eveniebat
1371 3483 1620 3557 circumcirca
1647 3475 1863 3555 habitantes
1889 3479 1930 3552 in

18 3628 127 3704 scitis
143 3635 282 3732 ὃμοια
302 3623 442 3702 menni
461 3631 588 3728 vbpva
607 3648 686 3700 sur.
746 3591 806 3700 En
830 3617 875 3698 ef
890 3645 932 3699 sn
996 3629 1159 3704 comitiis
1174 3641 1395 3704 evocentur.
1440 3625 1615 3700 Vulnere
1630 3623 1797 3700 musculi
1811 3623 1929 3700 alium

20 3773 146 3852 stendr
176 3773 287 3850 hsnn
316 3771 405 3848 inni
435 3799 483 3848 oo
510 3769 650 3846 neinir
676 3785 785 3848 vatis
813 3785 856 3846 st
881 3776 933 3873 pa
998 3773 1231 3878 respicientem
1244 3772 1300 3848 ad
1314 3771 1430 3848 latam
1450 3777 1809 3876 usqvesententiam
1824 3769 1933 3848 clau·

21 3931 151 4026 torpes
178 3921 499 4026 fibsbsugsgarp,
536 3901 591 3994 oo
611 3917 693 3994 scal
723 3916 834 3996 solia
864 3915 935 4018 rip
997 3919 1128 3997 culum
1147 3917 1251 3994 alere
1268 3917 1374 3994 baud
1389 3917 1517 3995 liceat.
1581 3917 1693 4024 Qvod
1707 3923 1744 3994 si
1757 3915 1932 3994 vulnera·

25 4073 79 4168 bet
103 4077 277 4172 vastos-1).
342 4071 484 4173 Heyrn
510 4066 596 4142 sins
625 4073 698 4168 eps
723 4091 797 4171 syn
824 4063 934 4140 scolo
999 4083 1063 4142 tus
1079 4091 1167 4142 eum
1185 4063 1367 4160 (alicubi)
1383 4069 1666 4166 supervenerit,
1694 4081 1735 4143 et
1752 4079 1867 4142 testes
1883 4064 1931 4140 de

29 4233 137 4294 nitar
156 4217 250 4294 bers
269 4225 363 4320 mels
381 4215 522 4292 hverio
540 4215 656 4292 vetti.
713 4199 790 4302 Psi
808 4238 853 4288 er
870 4237 936 4288 sar
998 4240 1046 4290 eo
1063 4228 1318 4304 contestatur,
1345 4213 1456 4290 alens
1474 4213 1559 4290 luat
1572 4213 1750 4292 exilium.
1815 4205 1935 4292 Testi-

38 4363 174 4441 ncddc
196 4361 355 4468 smegr
375 4391 420 4440 er
437 4391 459 4441 a
479 4372 552 4467 eps
572 4363 733 4470 egginr,
763 4357 866 4437 enda
890 4383 937 4436 er
1000 4365 1169 4437 monium
1200 4361 1486 4440 denominatum
1517 4367 1663 4440 oodoni
1690 4361 1930 4442 adhibeatur.
1995 4415 1999 4422 -

34 4509 153 4606 Posse
178 4529 224 4590 st
251 4519 367 4616 muln·
394 4511 502 4588 iiosti
529 4511 602 4606 til,
637 4469 682 4588 el
700 4517 776 4614 ptr
798 4507 936 4614 stopie
1000 4509 1065 4586 De
1090 4511 1225 4586 auditu
1251 4535 1323 4588 suo
1351 4517 1479 4592 vuuve
1506 4527 1623 4592 testes
1646 4519 1687 4590 in
1714 4517 1840 4619 qvovis
1865 4511 1937 4588 tali

1000 4663 1219 4738 testimonio
1250 4661 1451 4762 definiant.
1525 4665 1682 4742 Vulnus
1715 4659 1933 4738 babendum

1000 4809 1070 4891 ubi
1082 4815 1251 4921 cuspidis
1268 4815 1329 4894 vel
1340 4823 1439 4897 aciei
1454 4831 1569 4896 extat
1586 4817 1795 4919 vestigium.
1854 4813 1937 4890 Sed

1000 4971 1168 5076 qvamvis
1177 4969 1331 5079 ferierit
1346 4969 1482 5076 aliquis
1489 5022 1506 5062 ,
1532 4991 1604 5070 pro
1622 4963 1778 5044 vulnere
1795 4961 1937 5042 liabeo·

1001 5135 1092 5221 tur,
1124 5125 1161 5203 si
1185 5149 1210 5204 e
1236 5119 1320 5202 loco
1346 5121 1443 5200 loeso
1469 5134 1629 5202 emanat
1651 5123 1829 5226 sangots3
1859 5119 1937 5190 into

1626 5269 1659 5350 1>
1681 5265 1709 5342 2
