4656 6022
827 459 896 524 7-
969 399 1074 506 109
1141 461 1236 568 ''.

62 657 276 731 condemnati,
295 675 397 714 eorum
408 653 498 714 liberi
507 651 653 733 quomodo
664 653 859 712 sustentandi
873 653 927 710 AS.
935 653 988 714 III.
1059 653 1240 714 Corstractus
1252 653 1408 713 adseritis
1424 650 1545 712 delatas
1560 651 1755 712 hareditates
1769 650 1860 712 naid
1871 663 1975 712 estus-

57 807 98 820 -
118 795 227 832 eorum
250 773 330 831 bona
350 771 496 852 quomodo
517 769 696 848 occupanda
717 769 897 828 10811111.
1098 771 1192 829 datm
1213 771 1270 828 118.
1283 771 1348 828 XII.

56 922 97 935 -
118 909 226 948 eorum
240 889 359 948 alendis
374 887 520 970 quomodo
529 886 777 967 prospiciendum
794 885 986 946 Ios-XXXI·
1051 921 1094 934 —
1115 907 1184 945 eum
1201 885 1300 945 leseree
1319 886 1494 945 ratibabeot
1517 887 1574 944 IIS.
1586 887 1652 946 XII.

102 1003 283 1070 18.Χ1111.,
676 1007 694 1086 ἰ
1051 1035 1094 1050 -
1113 1006 1178 1078 ejus
1195 1003 1324 1081 aeqonas
1341 1003 1548 1083 comprobetur
1565 1005 1621 1060 IIS.
1630 1005 1696 1064 XII.
1717 1005 1797 1064 XIX.
1828 1005 1884 1065 AS.
1892 1003 1973 1066 XIV.

58 1153 98 1168 -·
117 1141 226 1180 eor-seen
246 1119 327 1180 bona
345 1132 449 1180 tenens
470 1119 546 1200 qnid
557 1117 665 1199 saciat
687 1116 763 1176 108.
774 1117 897 1178 XXXV·
1052 1118 1236 1199 -quando
1253 1119 1447 1178 rescusdatur
1467 1121 1524 1179 IIS.
1535 1123 1600 1180 XII.
1635 1125 1713 1181 XIX.
1746 1121 1842 1181 XXII.

58 1271 98 1284 ·-
119 1259 227 1298 eorum
244 1237 408 1296 creditores
425 1236 501 1317 quid
509 1235 640 1316 saciant
659 1235 735 1293 108.
748 1235 869 1294 XXXV.
1051 1267 1093 1284 ν·
1107 1238 1334 1315 pignoraticius
1355 1236 1500 1314 qsnnwdo
1512 1237 1680 1318 faciendus
1702 1241 1782 1299 FRo'.
1792 1241 1858 1299 XII:

64 1355 227 1433 Conceptso
250 1366 363 1432 partus
392 1353 439 1410 ad
465 1365 604 1431 stnpnun
631 1349 874 1410 constituendam
900 1347 990 1408 leand
1057 1351 1265 1412 Contentiones
1285 1353 1428 1438 forenses
1461 1358 1595 1412 minuere
1625 1357 1793 1416 intenditur
1823 1354 1973 1414 108111.

102 1473 271 1549 requiam
293 1471 372 1528 scs.
384 1471 519 1528 xxxlv.
685 1439 688 1450 '
1094 1470 1165 1528 xv1
1178 1473 1210 1527 n
1222 1493 1249 1528 a

65 1585 284 1646 Condemnatio
300 1589 428 1665 propria
448 1586 613 1663 stipulatur
633 1583 784 1642 10811..
831 1583 885 1643 CS.
897 1583 986 1642 LXX.
1056 1583 1259 1644 Contrectotio
1277 1588 1324 1643 rei
1339 1586 1449 1645 aliena
1466 1586 1586 1663 dolosa,
1610 1591 1676 1666 ejus
1694 1591 1776 1648 notio
1798 1589 1870 1648 108.
1883 1587 1973 1650 CXV.

60 1723 175 1784 -per
193 1701 376 1762 neandatum
393 1703 558 1782 stipulatur
579 1701 655 1759 108.
665 1701 727 1759 XL.
1096 1703 1176 1760 FRS.
1188 1704 1238 1760 XI.
1273 1703 1364 1764 LXV.

60 1854 99 1866 ·-
114 1842 178 1902 per
192 1819 326 1880 arbitros
343 1821 442 1900 qualis
461 1817 671 1878 constituenda
693 1815 814 1875 1081..
1050 1817 1215 1878 -dolosa
1230 1822 1380 1899 portiones
1392 1819 1593 1896 jacedatorice
1615 1821 1695 1880 FRS.
1707 1823 1798 1884 LXV.

61 1969 100 1983 -
119 1940 186 1994 nisi
206 1942 353 2014 cupressis
375 1937 474 1996 verbis
496 1935 645 2014 ste'pulma
666 1935 756 1994 necui
771 1952 832 2011 per
854 1931 986 1992 arbitros
1056 1935 1226 1994 Conventus
1241 1937 1504 2016 promulgatorius
1523 1937 1578 1996 ubi
1592 1936 1745 1997 habeatur
1765 1939 1842 1998 108.
1852 1939 1928 1999 XLI.

103 2053 299 2132 injungenda
322 2056 375 2112 CS.
386 2054 505 2113 LXXV.
1050 2085 1093 2098 -·
1113 2052 1234 2132 qvando
1256 2065 1285 2112 et
1303 2053 1450 2133 quamdiu
1467 2053 1619 2114 habeatur
1639 2055 1715 2113 108.
1726 2055 1804 2113 XLI.

62 2203 100 2216 -··
120 2175 154 2229 in
180 2191 218 2228 ea
239 2169 450 2243 comtituenda
473 2169 621 2248 ste'pulata
641 2165 731 2227 baud
748 2165 986 2246 transgredian-
1050 2171 1197 2228 —ineo
1217 2169 1292 2250 quid
1309 2170 1465 2249 agendum
1485 2171 1647 2230 JOS.XLI.
1687 2173 1767 2230 FRS.
1780 2172 1870 2230 XLII.

102 2299 156 2346 tur
179 2289 233 2346 CS.
246 2287 364 2348 LXXV.
1055 2285 1225 2345 Conventus
1235 2305 1398 2366 paganus,
1419 2284 1465 2346 ibi
1475 2307 1582 2346 causce
1598 2286 1635 2346 de
1651 2287 1769 2348 alendis
1778 2285 1974 2370 proferenda

66 2403 336 2463 Condemnationes
356 2402 471 2482 legales
490 2413 561 2481 quot
580 2413 609 2461 et
630 2379 772 2482 qucenarn
792 2399 868 2464 108.
877 2401 940 2459 XL.
1095 2403 1150 2462 AS.
1160 2403 1268 2462 XXXI.

68 2521 218 2602 Conjesges
237 2519 410 2580 cohabitent
430 2519 505 2578 108
518 2521 596 2578 LVI.
632 2520 725 2580 LVII.
1049 2551 1092 2568 ·-
1112 2541 1181 2578 eum
1198 2527 1299 2579 omnis
1311 2525 1438 2600 pagani
1447 2523 1645 2602 frequentent
1665 2525 1719 2582 CS.
1729 2525 1790 2582 XL.
1817 2523 1937 2582 XLVII.

63 2671 101 2684 -
122 2659 227 2698 eorum
244 2659 324 2696 unus
341 2637 472 2695 alterurn
489 2646 636 2694 sustentet
653 2635 707 2692 As.
718 2633 825 2691 XXIX.
848 2631 984 2690 XXXIV.
1055 2635 1170 2713 Corpus
1188 2637 1305 2710 delicti,
1328 2640 1358 2694 si
1371 2640 1404 2694 in
1422 2659 1501 2695 coeso
1518 2659 1577 2697 non
1597 2642 1749 2696 inuenitur
1770 2641 1842 2696 108.
1853 2639 1918 2696 XX.

64 2787 103 2800 -
123 2775 227 2813 eorum
241 2773 372 2834 peregre
393 2752 615 2811 demortuorum
636 2750 715 2809 bona
735 2749 880 2830 qsornodo
900 2759 985 2806 trac·
1055 2753 1156 2811 Cornu
1177 2752 1281 2812 bouem
1300 2753 1425 2811 denotat
1445 2755 1517 2812 108.
1528 2757 1691 2814 LXXVIII.

6 2905 7 2910 κ
106 2871 205 2928 tanda
226 2871 283 2928 IIS.
294 2871 359 2929 XV.
1055 2868 1207 2927 Creditori
1222 2873 1429 2951 pignoraticio
1447 2873 1479 2928 in
1498 2869 1666 2929 debitorum
1686 2869 1901 2948 exigundorum
1914 2872 1974 2946 ju-

64 3017 104 3034 ·-·
115 3007 176 3067 pro
192 2997 264 3045 rata
280 2983 423 3044 bonorum
437 3005 561 3044 suorum
571 2995 663 3074 parte
680 2993 710 3040 et
724 2979 850 3040 alendos
865 2991 986 3040 susten-
1096 2985 1175 3044 dicio
1193 2986 1273 3045 nibil
1290 2985 1473 3046 detrabatur
1495 2989 1547 3047 CS.
1559 2988 1608 3045 IX.

106 3114 170 3162 tent
186 3115 217 3161 et
232 3105 368 3182 impensa
385 3105 556 3162 sustunant
576 3103 655 3162 FCS.
666 3101 775 3159 XXIII.
1049 3137 1092 3152 —
1112 3103 1234 3185 quando
1252 3105 1335 3162 ultra
1353 3103 1487 3162 debitum
1504 3125 1594 3162 suum
1609 3123 1669 3162 non
1685 3103 1798 3164 babeat
1816 3105 1896 3164 FRs.
1908 3107 1973 3167 XII.

68 3219 298 3278 Constitutiones
315 3239 456 3300 paganae
477 3239 546 3298 qoae
568 3230 597 3278 et
618 3221 727 3297 quanti
740 3213 907 3296 fucusndoe
931 3216 985 3276 08.
1055 3222 1182 3280 Crucem
1191 3225 1337 3297 jurantes
1355 3233 1477 3280 teneant
1488 3219 1613 3296 jndices
1632 3221 1707 3280 108.
1716 3223 1810 3280 XXII.

105 3337 227 3396 XLVII.
765 3327 777 3340 ⁸
1050 3373 1093 3385 -
1113 3341 1147 3397 in
1163 3341 1327 3396 sententias
1345 3337 1532 3397 discedentes
1551 3337 1717 3398 adhibeant
1736 3339 1812 3397 108.
1820 3339 1928 3400 XXIII.

64 3485 102 3498 -
122 3473 225 3510 eorum
242 3453 369 3512 nouellae
392 3455 445 3511 CS.
455 3454 575 3514 XLVII.
1050 3487 1093 3500 -
1120 3475 1223 3512 seruos
1251 3457 1284 3513 in
1313 3457 1509 3534 mureicipium
1539 3459 1713 3533 recipientes
1741 3465 1862 3512 teneant
1894 3457 1972 3512 ch.

69 3567 200 3627 Consilia
218 3571 312 3627 cerdis
331 3571 552 3628 committendae
565 3571 644 3628 108.
656 3570 803 3629 LXXXV.
1095 3572 1200 3630 XLIII.

65 3717 104 3731 -·
118 3685 255 3745 incendii
268 3684 383 3764 nefarii
403 3687 645 3748 JCS.LXXXVI.
1055 3685 1182 3746 Crucem
1206 3687 1320 3746 accola
1344 3686 1526 3760 adhibeant,
1548 3705 1663 3764 pecora
1685 3685 1717 3742 in
1736 3703 1859 3764 pascua
1881 3683 1973 3744 dines-

65 3835 103 3848 -
117 3804 213 3862 coedis
228 3804 281 3863 uel
291 3802 448 3860 loesmnum
462 3823 604 3881 quaenam
619 3805 635 3862 1
638 3803 691 3862 CS.
697 3799 816 3862 LXXV·
838 3797 986 3862 LXXXV·
1094 3816 1246 3863 metantes
1268 3805 1348 3863 FRS.
1361 3805 1437 3863 XLI.

65 3951 103 3965 ·-
113 3941 245 4000 peregre
253 3917 349 3998 sacta
371 3919 443 3978 JCS.
455 3921 502 3980 CI.
1056 3918 1177 3978 Crienen
1197 3940 1308 3978 manus
1327 3920 1469 3998 expilata
1488 3917 1575 3998 qnid,
1600 3929 1630 3976 et
1650 3921 1714 3994 ejus
1734 3919 1814 3976 notio
1837 3919 1973 3980 108111.

64 4069 103 4082 -
119 4041 167 4096 sin
185 4041 218 4095 iu
241 4037 435 4098 Griiniandia
457 4035 601 4095 108011.
770 4015 778 4026 '
1050 4069 1093 4082 —
1157 4035 1364 4114 gressionibus
1387 4036 1524 4096 violentis
1547 4035 1811 4095 annumerandum
1837 4039 1974 4098 108111.

66 4185 103 4200 -
120 4155 198 4212 datu
219 4165 249 4210 et
269 4165 479 4212 consummata
497 4171 558 4211 non
574 4149 682 4210 eadem
696 4172 794 4230 poena
811 4161 986 4210 coercentur
1050 4187 1093 4200 -
1112 4175 1223 4212 manus
1241 4153 1383 4232 espiiatse
1402 4152 1547 4232 quomodo
1560 4153 1751 4232 puniendum
1773 4155 1909 4214 108111.

108 4271 181 4330 108.
193 4271 311 4328 LXXV.
356 4271 503 4328 LXXXV.
1056 4271 1139 4330 Crux
1164 4282 1198 4328 ut
1222 4281 1384 4328 conuentus
1403 4273 1530 4352 pagani
1552 4269 1689 4330 habendi
1709 4271 1858 4330 indicium
1882 4273 1973 4330 adbi-

71 4385 221 4444 Contorsio
242 4385 374 4442 violenta
394 4387 540 4466 quomodo
554 4389 707 4465 puniatur
729 4387 801 4447 JCS.
812 4385 919 4444 XCIII.
1097 4385 1184 4446 betur
1205 4389 1258 4446 CS.
1270 4389 1333 4446 XL.

71 4501 248 4562 Contractzu
273 4501 467 4580 sponsalitias
492 4505 571 4560 inter
596 4507 741 4582 conjuges
767 4501 872 4583 quoad
894 4500 987 4561 bono-
1050 4534 1093 4550 -
1112 4501 1159 4562 ad
1176 4503 1312 4564 Mutuus
1332 4503 1542 4566 mancoseos
1563 4507 1596 4565 in
1615 4525 1726 4585 genere
1747 4503 1872 4560 inavit
1892 4501 1972 4559 FRS.

108 4639 177 4677 rum
197 4621 435 4678 commonionem
454 4617 602 4696 quamdiu
623 4621 728 4678 valeat
750 4625 773 4680 F
776 4622 830 4682 CS.
841 4619 935 4680 XXII·
1095 4621 1214 4678 LXXII.

69 4765 105 4781 -·
119 4733 336 4814 pabulatorius
358 4735 411 4792 CS.
423 4737 516 4791 XXX.
556 4736 662 4792 XXXI.
1057 4734 1155 4815 Calpen
1159 4758 1296 4816 pernam
1314 4739 1381 4796 luat
1400 4737 1479 4796 FRS.
1490 4735 1581 4794 XLV.

69 4885 105 4900 -
124 4853 292 4923 alimonia,
315 4869 384 4908 eum
401 4854 454 4928 qvi
462 4849 573 4930 facere
585 4864 715 4929 possunt
733 4853 790 4914 IIS.
799 4852 865 4912 XII.
893 4849 987 4912 ml.
1057 4851 1229 4912 Cannutio
1243 4875 1346 4934 pcence
1367 4853 1443 4912 108
1452 4851 1514 4908 XL.

111 4969 285 5028 18111111.
405 4947 409 4954 ¹
1057 4967 1167 5044 Curia,
1188 4969 1226 5028 ds
1245 4991 1282 5028 ea
1302 4963 1520 5028 sciscitandum
1541 4961 1681 5024 108111.

70 5097 107 5132 ⁴·
126 5081 271 5166 qvoneodo
289 5085 469 5144 instituatur
491 5085 622 5148 118111.
1051 5115 1094 5130 -·
1115 5087 1145 5142 ei
1161 5087 1270 5144 nutici
1285 5103 1349 5143 sese
1368 5081 1518 5142 addicant
1538 5079 1613 5138 108.
1626 5079 1733 5142 LVIII.

1051 5229 1093 5245 -
1114 5199 1282 5280 siquando
1302 5203 1369 5284 quis
1388 5219 1452 5261 sese
1471 5195 1592 5258 abdicet
1614 5195 1691 5256 108.
1703 5197 1765 5258 LX.
1801 5199 1855 5258 CS.
1867 5197 1973 5259 LXVI.

1697 5311 1745 5386 15
