4638 6030
813 339 1195 502 .ζ.197,...

45 635 214 740 salpingi,
245 645 357 738 epu
378 635 529 712 flottam
548 640 646 743 uppi
668 647 740 742 epi·
758 657 800 716 ot
817 640 967 745 obygp-
1035 638 1180 715 talibus
1200 642 1240 711 in
1261 637 1452 714 montibus
1472 639 1532 714 uel
1548 639 1641 716 locis
1659 641 1818 716 desertis
1835 665 1962 718 errore

46 811 137 876 om,
170 799 209 857 at
232 781 423 886 missonga
436 837 451 876 ,
486 811 533 858 oc
557 784 633 885 fipr
657 783 767 859 haim
792 785 870 886 eigi
895 794 968 887 apr
1034 785 1172 858 ductus
1187 789 1423 883 surripuerit,
1444 785 1541 886 quod
1554 791 1659 883 prius
1677 811 1785 887 quam
1805 791 1844 858 in
1863 801 1962 861 trac-

43 927 151 1002 lunn
187 926 303 1001 komr
336 927 350 1001 i
385 926 536 1030 herop,
579 937 631 1030 pa
666 931 745 1004 scal
778 929 884 1030 segia
919 929 967 1002 til
1035 943 1114 1001 tum
1144 920 1315 1026 peruenit
1341 954 1418 1002 non
1447 931 1732 1018 animaduertit,
1767 931 1852 1006 itaec
1880 945 1961 1004 sta·

40 1071 169 1148 buum
201 1076 312 1171 peirn
344 1071 475 1173 prims
507 1101 551 1148 er
580 1083 655 1175 par
683 1099 751 1148 ero
780 1073 916 1148 naestir
943 1101 967 1150 a
1035 1077 1118 1160 tim,
1145 1099 1192 1148 ac
1211 1074 1258 1147 de
1275 1100 1322 1148 eo
1338 1079 1478 1148 certior
1479 1074 1619 1174 factus
1636 1090 1713 1162 est,
1739 1076 1880 1150 accolis
1899 1079 1962 1148 tri-

44 1223 137 1322 goto
162 1215 286 1309 hans,
320 1223 445 1319 pegor
472 1241 517 1292 er
543 1215 652 1293 hann
683 1217 760 1318 fipr
787 1235 828 1293 at
854 1217 967 1294 hann
1035 1215 1127 1306 bus,
1156 1218 1209 1290 ad
1225 1223 1320 1293 uiam
1338 1224 1422 1321 ejus
1438 1224 1613 1318 proxime
1631 1219 1888 1294 babitantibus
1905 1224 1962 1294 in·

42 1361 158 1438 hesir
187 1359 388 1452 mistekit‚
427 1387 475 1436 oc
502 1388 586 1438 seca
615 1361 725 1437 hano
754 1373 803 1464 pa
835 1363 913 1466 eigi
943 1392 966 1439 a
1032 1363 1156 1451 dicet,
1185 1365 1405 1466 quofacto,
1436 1367 1492 1438 rei
1508 1371 1730 1464 (surreptae)
1749 1369 1962 1442 detentione

40 1505 199 1608 mepfor
217 1513 306 1608 pecs
329 1506 486 1610 gripor,
522 1533 569 1582 en
595 1505 704 1580 hano
728 1509 807 1582 scal
827 1508 968 1610 abyrg·
1034 1524 1179 1582 reatum
1204 1509 1281 1582 sibi
1299 1534 1375 1580 non
1398 1512 1609 1600 contrabit,
1641 1511 1852 1608 periculum
1877 1537 1963 1586 uero

40 1651 125 1744 iaz,
156 1677 202 1726 oc
220 1647 315 1726 haia
338 1651 383 1725 til
404 1652 578 1754 alpingis
597 1669 720 1726 annot
737 1679 896 1743 sumar,
927 1649 971 1726 ei
1032 1659 1116 1756 ejus
1137 1669 1175 1730 et
1197 1657 1408 1741 sustineat,
1437 1669 1478 1727 et
1498 1656 1658 1730 eumad
1677 1661 1829 1729 comitia
1847 1683 1963 1758 gene·

41 1793 158 1870 bonu
184 1794 321 1872 mistoc
348 1805 437 1898 par.
505 1797 619 1871 Hinn
648 1823 731 1872 seez
760 1822 807 1871 oc
836 1795 916 1898 eigi
943 1823 967 1872 a
1033 1799 1127 1871 ralia
1136 1851 1152 1886 ,
1180 1802 1216 1872 si
1233 1797 1288 1870 ibi
1302 1803 1506 1896 surripuit,
1532 1823 1723 1896 proxumo
1742 1815 1879 1875 testate
1896 1801 1963 1876 ka·

43 1938 201 2041 mepffir
217 1937 315 2016 bons
335 1941 493 2046 gripor,
524 1941 568 2016 ef
586 1969 625 2016 sa
650 1940 763 2042 hospi
785 1940 797 2016 i
818 1940 966 2015 ombon
1033 1942 1157 2017 hendo
1185 1945 1404 2042 transferat.
1471 1943 1604 2044 Neque
1631 1944 1730 2017 alter
1755 1969 1832 2018 rem
1860 1945 1962 2019 illius

40 2093 148 2186 pann
178 2085 293 2161 obrot
321 2085 497 2186 hospao,
533 2085 576 2159 ef
600 2113 640 2162 sa
669 2085 751 2162 serr
777 2113 844 2166 svn
873 2095 967 2188 mep
1031 2089 1084 2164 ad
1099 2112 1208 2162 suam
1228 2087 1542 2164 remunerandam
1561 2089 1741 2190 afferens
1760 2089 1874 2190 liujus
1894 2089 1961 2164 de·

39 2255 120 2304 sem
142 2229 285 2306 hinom
305 2259 374 2308 var
395 2232 441 2306 til
461 2230 594 2306 handa
614 2231 709 2306 tint.

149 2525 270 2626 Mapr
283 2525 363 2600 scal
379 2523 459 2600 tort
471 2523 565 2600 hasa
581 2522 722 2635 hinorn
735 2547 778 2596 er
793 2549 814 2596 a
829 2549 849 2596 a
863 2517 968 2595 halt-

53 2693 109 2742 om
131 2671 290 2769 menapi
315 2669 449 2770 peim,
481 2697 525 2744 er
544 2668 653 2743 hann
674 2669 756 2744 veit
775 2665 965 2778 misiong-

53 2841 121 2886 ann
132 2867 146 2906 ‚
176 2813 221 2888 ei
237 2816 329 2916 peir
351 2841 419 2890 ero
441 2813 753 2917 samfiorpungs,
786 2821 858 2913 eps
880 2839 962 2904 svo,

55 2957 89 3032 ei
118 2957 228 3035 hono
266 2989 330 3036 ma
369 2987 501 3035 cornaz
535 2989 558 3035 a
593 2958 747 3034 haisom
784 2958 963 3056 monulfi,

53 3101 144 3204 [μὴ
166 3107 443 3212 leiparlengp,
477 3113 566 3208 pots
590 3105 669 3209 eigi
695 3129 735 3180 se
759 3101 966 3208 samfiorp·

54 3273 156 3354 ungo.

303 3503 448 3593 CXX.
486 3503 699 3590 Casurum.
803 3624 808 3636 .

336 3667 423 3742 Um
457 3665 666 3740 reizlor.
819 3757 830 3790 a

53 3765 200 3944 ²)pat
217 3869 256 3920 er
273 3845 533 3949 logpuodari,
563 3872 606 3919 er
624 3847 716 3922 vlu
737 3843 967 3946 fios-pungor

48 4015 112 4066 ero
132 3991 146 4066 i
166 4009 270 4085 vett,
300 4017 351 4068 en
371 3993 447 4068 XX
466 4019 597 4066 meret·
619 3991 725 4066 scolo
746 3990 758 4064 i
781 3989 967 4090 fiorpung

54 4161 150 4212 nera.
222 4136 276 4214 Et
306 4146 421 4239 mapr
456 4165 479 4213 a
514 4135 695 4242 pundara
733 4135 859 4209 moira
896 4137 979 4234 epr‘

63 4281 181 4358 minua
214 4309 266 4358 en
298 4283 407 4358 maelt
441 4308 509 4374 er,
555 4307 602 4356 oc
635 4287 779 4380 carpor
810 4285 879 4380 [sat
912 4281 969 4354 111

70 4449 176 4504 natea
215 4435 323 4528 secp.
398 4427 463 4502 Nu
503 4424 630 4526 reipir
669 4422 780 4498 hano
822 4449 969 4526 congor

68 4573 187 4668 retur,
227 4581 300 4674 epr
329 4571 457 4648 maelir
485 4597 630 4672 tangar
658 4567 791 4660 alnir,
830 4594 897 4642 sva
926 4583 969 4642 et

60 4741 187 4794 nonar
212 4747 284 4796 um
311 4717 380 4792 ola
407 4717 422 4791 i
449 4717 526 4792 XX
552 4713 713 4805 alnum,
746 4720 797 4813 1³³
824 4721 970 4814 πψτη·

65 4863 116 4958 Pet
141 4865 455 4970 florbaugsgarp.
522 4861 569 4936 Sa
596 4887 618 4934 a
645 4863 712 4934 soe
740 4867 797 4961 pa·
819 4884 862 4934 er
886 4857 968 4934 sins

1033 2235 1200 2308 tentione
1226 2249 1370 2308 reatum
1400 2239 1582 2320 incurrit,
1615 2233 1817 2308 dummodo
1843 2237 1962 2308 omni·

1033 2375 1104 2453 bus
1123 2380 1179 2452 illi
1191 2383 1425 2480 praescriptis
1444 2381 1688 2483 satisfecerit.

1143 2527 1344 2600 Proxuma
1363 2541 1558 2627 postquam
1583 2525 1632 2599 de
1653 2529 1887 2624 surreptione
1906 2526 1963 2597 in·

1030 2669 1185 2768 culpata
1211 2676 1350 2746 certior
1361 2673 1503 2770 sactus
1529 2684 1590 2744 est
1613 2675 1865 2757 semimense,
1898 2670 1963 2744 do·

1032 2817 1135 2888 mino
1172 2817 1227 2889 rei
1263 2841 1347 2889 eom
1385 2817 1584 2902 restituat,
1627 2813 1772 2886 simodo
1811 2829 1963 2915 uterque

1032 2961 1199 3062 ejusdem
1225 2961 1442 3062 quadrantis
1465 2959 1590 3033 incola
1614 2964 1686 3047 sit,
1716 2973 1760 3032 ut
1777 2973 1818 3033 et
1835 2963 1871 3032 si
1890 2961 1962 3034 rice

1034 3105 1278 3208 longitudinis
1299 3129 1420 3181 causa
1442 3106 1494 3178 ad
1510 3109 1567 3178 rei
1581 3105 1773 3180 dominum
1783 3155 1801 3192 ,
1829 3109 1870 3177 in
1887 3104 1962 3180 atio

1034 3257 1198 3356 quamuis
1215 3252 1444 3356 quadrante,
1471 3256 1666 3352 peruenire
1682 3252 1818 3351 possit.

1313 3497 1493 3582 Truncos
1528 3493 1674 3578 CXX.

1243 3643 1746 3734 Destateris.

1034 3777 1208 3941 Legalis
1234 3853 1295 3911 est
1315 3852 1483 3924 statera,
1514 3861 1603 3910 cum
1628 3847 1713 3908 octo
1736 3827 1963 3933 quadrantes

1033 3988 1223 4086 octoginta
1242 3983 1420 4058 librarum
1438 3981 1588 4082 pondus
1605 3977 1781 4082 efficiunt
1786 4003 1805 4062 ,·
1833 3977 1964 4076 uiginti

1035 4155 1120 4206 uero
1147 4127 1355 4202 semilibrae
1382 4127 1582 4231 quadranti
1609 4129 1741 4198 insint.
1809 4120 1854 4192 Si
1882 4123 1964 4220 quis

1033 4289 1213 4348 stateram
1234 4297 1350 4372 supro
1368 4273 1427 4348 uei
1443 4271 1545 4370 infra
1562 4273 1667 4345 irunc
1686 4265 1837 4342 modum
1856 4290 1962 4366 quem

1034 4420 1135 4520 leges
1159 4418 1368 4514 definiunt,
1402 4423 1589 4518 signatam
1616 4410 1817 4496 habuerit,
1850 4413 1960 4480 trium

1034 4589 1247 4639 marcarum
1281 4563 1437 4636 multam
1472 4561 1568 4634 luat.
1642 4553 1701 4628 At
1731 4551 1791 4628 uei
1819 4551 1961 4647 injusta

1034 4723 1177 4784 statera
1192 4707 1399 4804 ponderat,
1429 4704 1489 4776 uei
1504 4703 1653 4800 injustis
1672 4691 1774 4762 uinis
1792 4695 1959 4778 metitur,

1035 4858 1114 4940 ita,
1151 4866 1195 4924 ut
1217 4875 1288 4950 per
1313 4848 1442 4948 uiginti
1469 4843 1580 4914 ulnas
1608 4855 1702 4936 quas,
1726 4835 1876 4907 metitus
1903 4851 1963 4910 est

1036 4999 1152 5071 unius
1173 4997 1277 5068 uince
1295 4991 1475 5092 (ajusto)
1492 4983 1591 5056 adsit
1610 4977 1827 5084 dfflereutia
1835 5031 1851 5066 ,
1881 4993 1960 5054 tum

68 5173 1955 5224 Μ

21 5389 23 5412 .
94 5305 124 5398 ¹)
151 5315 218 5376 ffie
233 5313 344 5374 tuate
361 5323 457 5372 anteo
473 5315 508 5371 in
524 5315 654 5371 sectione
670 5311 706 5370 do
719 5307 910 5368 commerciis
927 5303 1042 5380 legitur
1058 5299 1150 5357 titulo
1165 5291 1360 5354 cmm.
