4638 6030
803 395 1187 502 -195-

45 691 130 742 saca
148 661 268 752 vilia,
299 684 345 734 oo
368 657 465 734 einn
488 657 533 732 al
547 655 673 732 hinne
694 655 795 760 sipi,
825 683 864 732 sa
884 657 965 732 soal
1025 658 1153 732 altera
1167 671 1276 756 parte
1292 681 1383 730 uero
1403 680 1519 746 unus,
1548 659 1614 758 qui
1629 657 1755 732 lumen
1771 658 1955 760 proeserat

43 809 136 884 bera
155 807 226 880 lios
245 803 366 908 lyris,
394 831 440 879 oc
460 803 555 878 luka
575 804 698 878 lasom
719 831 817 907 upp.
870 791 966 886 Peir
1031 817 1073 876 et
1086 803 1254 878 claustra
1273 819 1428 878 reserat.
1482 802 1952 905 Hiquatuortantumin-

45 954 144 1030 scolo
173 953 228 1030 lv
259 977 381 1024 menn
411 949 629 1052 iunganga.
702 951 827 1024 Mean
857 949 964 1024 scolo
1032 962 1146 1021 trent.
1205 950 1400 1022 latrantes
1422 953 1495 1048 ipsi
1514 953 1744 1050 inquisitioni
1761 947 1951 1024 sesesab-

43 1101 120 1176 lata
139 1102 443 1195 rannsacazapr
463 1095 579 1196 gangi
602 1095 691 1186 iun,
719 1093 857 1196 ete-igi
879 1091 965 1176 beri
1025 1097 1188 1190 ficiam,
1225 1119 1275 1169 ne
1307 1122 1385 1170 rem
1403 1097 1595 1195 furtivam
1628 1097 1669 1168 in
1700 1095 1795 1176 alios
1827 1109 1951 1168 trans·

50 1241 224 1346 peirlola
246 1269 267 1316 a
290 1237 648 1332 hendrmiinnom,
672 1238 856 1315 endasva
877 1239 968 1340 peis·
1017 1239 1187 1341 ferant,·
1227 1257 1416 1316 exeuntes
1447 1241 1591 1324 itidem·
1667 1239 1713 1319 Si
1742 1241 1871 1317 claues
1901 1237 1954 1316 ml

54 1414 94 1464 er
113 1405 296 1490 utganga.
360 1383 412 1460 Et
429 1385 520 1486 peis
543 1385 638 1460 vilia
665 1384 741 1488 eigi
768 1386 847 1460 lata
872 1384 966 1462 hala

49 1533 150 1610 lucla
182 1549 224 1608 at
253 1532 345 1606 luca
374 1531 498 1606 lasom
530 1557 636 1636 upp,
676 1557 723 1606 oo
752 1541 871 1632 verpa
901 1533 965 1606 loc

48 1679 174 1780 peina
193 1675 356 1780 oheiliig
376 1678 444 1780 rip
463 1676 584 1752 broti.
637 1663 732 1758 Peir
750 1676 857 1752 scolo
876 1677 966 1752 enit

51 1831 157 1900 cismo
186 1849 374 1900 rannsaca
408 1823 422 1896 i
457 1823 579 1896 ollem
611 1831 790 1922 stiipom,
827 1822 888 1896 uti
918 1849 965 1898 oc

50 1970 161 2064 inni,
189 1971 275 2072 petr
296 1970 404 2044 scolo
423 1967 502 2070 eigi
523 1969 673 2044 ouvisla
696 1975 788 2071 gira
808 1967 823 2042 i
844 1997 966 2044 ranu-

54 2141 153 2208 socn,
179 2125 289 2218 pann
310 2141 353 2188 er
371 2113 514 2188 hinom
533 2141 573 2190 se
592 2115 701 2190 mein
722 2131 778 2206 at,
806 2139 857 2188 ne
878 2113 967 2188 fiar-

1032 1385 1201 1460 ciaustra
1242 1388 1446 1462 reseranda
1485 1388 1726 1488 suppeditare
1761 1385 1953 1462 noluerint

1031 1531 1261 1625 (domestici)
1274 1555 1374 1608 serae
1391 1559 1519 1608 eorum
1535 1538 1753 1644 efflaotioni
1764 1535 1952 1633 exposiloe

1031 1680 1122 1752 sint.
1181 1679 1300 1752 Iidem
1325 1677 1461 1780 ubique
1482 1696 1523 1754 et
1528 1682 1634 1781 foris
1655 1696 1696 1756 et
1713 1685 1816 1754 intus
1834 1679 1954 1780 inqui·

1032 1835 1143 1909 rant,
1177 1847 1254 1896 non
1282 1838 1408 1898 tamen
1434 1831 1664 1927 inquirentes
1688 1825 1953 1900 detrimentum

1031 1966 1095 2040 uel
1124 1967 1303 2041 danmum
1337 1969 1550 2046 domesticis
1582 1969 1859 2046 incommodum
1881 1969 1954 2070 fa·

1031 2114 1152 2188 ciant.
1220 2116 1266 2188 Si
1297 2117 1531 2217 inquirentes
1561 2117 1748 2190 violenter
1776 2128 1818 2188 et
1846 2111 1953 2186 nullo

55 2263 174 2362 scopi,
206 2259 486 2363 eriyrirbua.
545 2259 598 2334 Ei
612 2261 701 2362 peis
720 2259 814 2335 bera
834 2259 965 2336 osrassi
1022 2263 1115 2362 jure
1136 2273 1175 2334 et
1196 2261 1330 2350 aliter,
1362 2287 1474 2363 quam
1499 2265 1560 2338 tte
1585 2259 1846 2362 proescribitur
1867 2281 1954 2334 sese

59 2415 117 2506 eps
140 2405 223 2482 fare
252 2423 293 2480 at
320 2407 478 2510 ologom
505 2423 546 2482 at
572 2433 796 2500 retunsona,
831 2435 966 2484 ennan
1029 2411 1233 2508 gesserint,
1254 2413 1537 2508 proscriptionis
1556 2424 1748 2494 tenentur,
1770 2405 1880 2480 matio
1898 2407 1956 2478 ni-

61 2577 211 2652 segeno
232 2579 291 2626 uu
311 2579 354 2626 er
374 2551 485 2646 salit,
517 2579 564 2627 oo
586 2562 729 2655 verpar
752 2579 964 2658 scoggang,
1032 2551 1087 2624 lril
1116 2550 1171 2624 ibi
1200 2557 1303 2628 intus
1335 2559 1573 2644 inuenerint,
1616 2581 1687 2631 nec
1718 2553 1837 2636 teras,
1850 2552 1958 2652 furti

64 2695 198 2798 elpeir
227 2697 334 2772 fiune
366 2699 444 2801 eigi
472 2707 547 2798 Por
573 2699 686 2792 inni,
724 2698 825 2776 enda
853 2699 966 2800 vespi
1032 2702 1299 2786 convineatur,
1319 2703 1381 2772 sin
1397 2706 1547 2790 minus,·
1563 2707 1715 2800 impune
1720 2698 1813 2792 fiat.
1858 2696 1956 2784 Rem

66 2841 249 2920 hosodino
287 2853 403 2946 osope
440 2862 505 2938 at,
550 2871 600 2920 en
639 2847 788 2948 ellegar
824 2855 968 2946 vespas
1018 2844 1211 2947 furtivam
1236 2848 1409 2945 quamuis
1431 2845 1486 2920 ibi
1505 2849 1723 2945 reperierint
1743 2844 1957 2944 acquisito·

66 2989 151 3064 teki.
212 2993 269 3066 Eu
296 3001 384 3092 pots
408 2991 497 3092 peis
523 2989 624 3064 finni
653 2986 741 3066 inni
768 3001 842 3094 par
867 2991 965 3084 sola,

65 3159 99 3210 oc
125 3137 245 3213 scelat
276 3135 398 3240 drepa
431 3145 481 3236 pa
514 3163 661 3230 menn,
701 3165 753 3213 ne
785 3155 826 3214 at
857 3139 967 3239 peirn

60 3291 160 3384 gire,
190 3283 279 3359 ecki
304 3307 420 3356 noma
443 3281 551 3383 peim
571 3283 682 3383 verpi
704 3282 965 3368 handnumit.

59 3431 119 3504 Sra
142 3431 220 3506 scal
248 3445 291 3505 at
315 3453 409 3502 soen
435 3426 519 3505 lara
542 3456 613 3503 um
637 3439 746 3529 pann
769 3428 966 3534 piosscap,

56 3599 130 3652 sem
148 3587 220 3680 par
238 3603 282 3650 er
300 3573 378 3677 eigi
400 3600 444 3648 er
462 3593 686 3652 rennsacat.

160 3722 210 3798 Et
222 3719 312 3823 peis
331 3719 422 3796 hera
445 3718 517 3794 iun
537 3719 616 3796 sole
636 3749 658 3796 a
678 3719 809 3796 hendr
825 3727 968 3814 monn·

60 3891 121 3942 am
143 3891 186 3942 er
203 3893 389 3942 rannsaca
408 3867 538 3960 scolo,
570 3867 738 3970 epulata
757 3865 851 3942 bera
871 3875 968 3966 apra

58 4039 193 4106 meno,
225 4023 277 4116 1³²
302 4023 447 4116 vespas·
473 4013 582 4116 peim
610 4039 831 4116 scuggmg,
865 4011 968 4090 enda

64 4167 188 4261 verber
213 4159 324 4264 peirn
352 4169 404 4262 pa
431 4169 500 4262 pat
527 4159 602 4236 allt
629 4187 673 4236 er
698 4160 789 4263 peis
816 4157 901 4238 fara
926 4173 968 4236 ut

69 4329 242 4384 rannsocn
262 4307 355 4383 slict
370 4331 453 4382 sem
473 4313 560 4408 apt.

160 4600 224 4676 Nn
250 4597 332 4676 scel
360 4624 430 4672 um
459 4595 562 4674 sacis·
586 4603 670 4700 pter
696 4595 820 4688 aller,
859 4621 904 4672 er
929 4593 975 4676 ef

1033 2997 1113 3083 res)
1144 2991 1255 3064 alteri
1285 3017 1356 3068 neo
1385 2991 1494 3068 coecle
1523 3017 1594 3068 nec
1624 2987 1845 3067 lusionibus
1873 2986 1957 3090 ‘ff'

1032 3139 1206 3231 ciuntur,
1236 3141 1310 3210 nisi
1332 3138 1554 3240 resfurtiua
1573 3143 1761 3214 incorum
1779 3131 1958 3209 manibus

1033 3284 1268 3389 offendatur.
1327 3283 1389 3360 De
1412 3285 1481 3361 tali
1485 3287 1602 3389 furto
1623 3283 1753 3359 eodem
1777 3281 1888 3359 modo
1909 3305 1959 3356 ac

1034 3427 1102 3504 ubi
1116 3433 1300 3532 inquisitio
1318 3455 1396 3506 non
1414 3436 1620 3531 suscipitur
1634 3428 1822 3532 agendum
1840 3440 1913 3508 est.

1144 3720 1191 3794 Si
1217 3723 1450 3822 inquisitores
1478 3748 1556 3798 rem
1573 3720 1762 3824 furtiuum
1792 3719 1834 3795 in
1861 3715 1958 3790 alios

1035 3865 1296 3940 transtulerint
1327 3867 1387 3942 uel
1417 3868 1616 3966 transferri
1633 3857 1830 3964 fecerint,
1870 3887 1959 3962 pm·

1032 4016 1245 4114 scriptionis
1272 4027 1462 4088 tenentur.
1525 4013 1575 4086 In
1599 4027 1782 4086 coeterurn
1790 4057 1815 4098 ,·
1840 4005 1962 4110 quoad

1033 4159 1110 4234 alia
1138 4163 1178 4234 in
1207 4163 1442 4262 inquisitione
1469 4159 1636 4234 admissa
1663 4157 1826 4242 delicta,
1861 4177 1960 4228 eun·

1032 4305 1136 4394 dem,
1155 4333 1202 4382 ac
1220 4321 1334 4383 antea
1352 4322 1598 4394 memoratur,
1619 4318 1764 4382 reatum
1781 4297 1855 4376 sibi
1869 4324 1961 4376 con·

1034 4453 1203 4526 trallunt.

1151 4600 1292 4674 Causoe
1318 4623 1451 4676 omnes
1476 4623 1547 4697 per
1572 4597 1847 4700 inquisitionem
1873 4607 1958 4662 eue-

80 4763 247 4819 rtnnsocn
268 4751 380 4847 girran
397 4742 523 4822 steine
543 4741 705 4818 heimen
715 4795 731 4834 ,
762 4767 808 4816 oc
827 4742 971 4843 qvepia
1037 4743 1186 4820 aientes
1206 4745 1311 4820 dorni
1327 4751 1493 4832 nitentur
1512 4749 1668 4842 qumque
1688 4739 1772 4836 ejus
1792 4735 1831 4802 in
1850 4755 1957 4832 quem

84 4877 310 4968 homitisbua
329 4894 362 4970 V
383 4891 430 4968 til
449 4919 470 4968 a
491 4889 603 4995 pingi
625 4899 712 4994 poss
730 4914 775 4966 er
792 4907 890 4966 sottr
909 4913 971 4964 er.

1036 4893 1163 4992 agitur
1181 4891 1362 4968 domicilii
1380 4887 1520 4964 accolis
1538 4889 1578 4956 in
1599 4881 1760 4960 comitiis
1776 4881 1955 4954 euocatis.

1607 5089 1730 5166 uhu
