4638 6030
810 291 1192 394 -251-

41 542 169 636 hina,
201 567 248 618 oo
272 539 352 620 scol
376 567 441 619 svo
464 547 540 646 par
560 559 602 621 ot
619 541 688 648 psi
712 543 822 638 lura,
851 569 933 622 sem
953 545 970 622 i
1032 549 1151 626 ditari
1166 549 1344 626 atticen
1361 551 1541 642 noluerit,
1569 553 1611 628 id
1625 554 1754 630 eodem
1773 553 1883 630 modo
1900 559 1957 630 in-

44 697 183 794 ops-om
201 695 372 788 nopom.
1035 701 1217 770 stituatur
1231 723 1278 774 ac
1295 697 1394 771 alias
1411 699 1520 774 solet.

154 835 221 912 Nu
253 833 332 936 fipr
363 842 480 936 muln·
511 831 607 910 land
640 843 734 938 mep
764 861 853 931 ser,
894 843 969 940 ᾦα
1148 841 1208 919 At
1223 843 1355 946 aliqn's
1372 845 1433 919 nel
1448 851 1487 918 in
1504 849 1688 944 propriam
1708 845 1768 922 nel
1781 851 1821 920 in
1837 847 1954 936 olins,

46 981 153 1084 peirn
178 978 318 1056 manni
343 975 521 1055 erbam:
540 977 614 1054 vill
633 980 837 1083 suqvists,
868 983 971 1062 endu
1030 993 1149 1092 cnjus
1179 1015 1311 1066 curam
1341 1015 1472 1092 gerere
1504 991 1606 1080 nult,
1643 995 1954 1068 sustentationem

53 1125 174 1204 metir
199 1121 309 1200 huon
337 1151 428 1218 sva,
457 1141 499 1200 at
526 1150 665 1228 omuga
691 1128 801 1230 cyris
827 1128 927 1233 scyli
956 1129 969 1204 i
1030 1136 1206 1234 fundum
1226 1160 1338 1210 suum
1364 1135 1482 1210 alicui
1503 1135 1666 1224 addicit,
1697 1137 1812 1211 simul
1830 1136 1957 1236 proest·

54 1271 116 1373 {ni
139 1269 248 1346 leodi
277 1269 399 1373 liggis
427 1279 572 1372 mepcn
601 1267 702 1345 hino
730 1271 827 1373 part
848 1271 971 1348 iram·
1037 1286 1149 1356 niens
1170 1283 1366 1356 alimonioe
1384 1286 1566 1380 praemia,
1599 1282 1773 1384 quamdiu
1794 1283 1956 1358 alendus

59 1415 192 1510 nato,
225 1415 326 1491 endo
350 1424 470 1518 verpr
491 1413 745 1492 tramtorslan
769 1417 848 1521 eigi
873 1418 968 1512 end,
1035 1431 1324 1503 sustentationis
1355 1429 1495 1530 indiget
1510 1425 1643 1530 fundo
1674 1429 1845 1526 injuncta
1871 1449 1956 1500 esse

63 1571 124 1662 eps
141 1587 201 1638 svo
223 1561 294 1638 illa
314 1563 409 1655 ella,
438 1579 480 1636 at
498 1559 624 1636 buum
644 1563 755 1666 syniz
773 1563 852 1666 eigi
873 1580 971 1640 vaert
1034 1569 1199 1658 debem5
1227 1574 1350 1669 posito
1371 1598 1482 1672 parm
1505 1576 1818 1648 sustentationem
1840 1577 1956 1670 stipu-

68 1709 145 1808 νῆ),
169 1717 217 1810 pfl
237 1707 317 1784 scol
336 1723 490 1784 stemna
510 1706 556 1782 til
576 1707 742 1812 brigptn·
761 1706 806 1783 of
820 1707 966 1802 lundit,
1034 1715 1151 1790 latam
1185 1717 1246 1790 nel
1275 1717 1328 1791 ad
1345 1716 1470 1811 finem
1502 1741 1579 1790 nan
1608 1716 1768 1816 perduci
1791 1716 1852 1790 nel
1877 1731 1954 1790 tam

69 1853 158 1954 peim
192 1879 238 1928 er
272 1852 372 1956 lyris
407 1849 512 1928 hefir
545 1851 650 1957 lyris
685 1851 876 1948 landino,
920 1880 967 1931 oc
1031 1886 1150 1961 parca
1166 1885 1282 1934 manu
1298 1865 1489 1958 praestari,
1510 1875 1551 1934 ut
1568 1865 1801 1934 mansionem
1816 1860 1954 1936 alendo

68 1999 189 2098 qsepis
222 1997 270 2073 til
303 1997 478 2076 landbua
510 2001 548 2078 V
579 2027 601 2074 ι
634 1997 748 2104 pingi
782 1995 901 2076 biart
926 2025 966 2078 ss
1034 2006 1139 2079 haud
1177 2004 1407 2080 tolerabilem
1448 2029 1533 2081 esse
1568 2005 1714 2080 accoloe
1748 2005 1950 2079 decidant:

68 2142 218 2247 maldsgi
248 2171 319 2219 var
346 2151 438 2248 gorr
464 2145 478 2220 i
507 2143 662 2239 landit,
692 2153 765 2246 epa
794 2143 899 2248 sigi,
930 2143 975 2220 el
1036 2165 1114 2223 tum
1147 2151 1201 2224 ad
1215 2151 1390 2253 fundum
1425 2149 1645 2225 reluendum
1674 2153 1772 2224 actio
1799 2154 1838 2222 in
1865 2175 1953 2224 eum

69 2289 326 2382 saturnina
356 2315 405 2364 eu
423 2288 601 2367 heimilis
617 2289 969 2395 buorVomogans
1035 2300 1278 2385 instituatur,
1313 2300 1376 2398 qni
1401 2296 1508 2369 titulo
1536 2295 1690 2369 dominii
1707 2293 1875 2392 fundum
1903 2307 1956 2368 te·

68 2433 156 2508 nolo
181 2433 294 2510 scilia
323 2433 370 2509 oi
391 2433 697 2530 trsmtontann,
735 2459 783 2510 oc
810 2437 890 2532 scal
917 2443 968 2539 pu
1035 2457 1116 2518 net.
1174 2441 1353 2518 Testilus
1370 2439 1647 2536 deficientibus,
1671 2445 1828 2542 quinque
1831 2439 1956 2544 fundi

67 2576 314 2658 denotandis
332 2581 379 2656 til
399 2577 625 2658 lrumldrslo
643 2607 896 2686 omagsnom,
920 2609 968 2658 oc
1035 2588 1183 2664 accolae
1213 2593 1253 2662 in
1285 2589 1444 2663 comitiis
1473 2601 1680 2661 evocentur
1707 2585 1760 2660 ad
1788 2609 1956 2682 campm-

67 2723 157 2824 1>eim
189 2726 328 2802 manni
358 2749 402 2801 er
429 2725 673 2828 varpzveizlo
700 2727 853 2806 stendr.
920 2729 968 2804 Sa
1037 2699 1203 2806 bandum
1228 2758 1280 2806 an
1304 2747 1484 2831 pactum,
1517 2731 1615 2834 qood
1635 2729 1886 2830 praetenditur
1906 2729 1955 2804 de

65 2879 197 2974 aspre
213 2879 279 2948 soc
297 2879 347 2972 pa
367 2869 467 2946 erte
486 2868 584 2946 loun
602 2880 697 2975 mep
714 2896 967 2975 omaganom,
1025 2876 1178 2983 fundo,
1211 2879 1344 2950 initum
1358 2877 1529 2980 fuisset,
1562 2901 1635 2952 nec
1660 2901 1723 2951 ne.
1787 2874 1955 2977 Quinque

66 3023 122 3116 ep·
140 3015 239 3092 huns
257 3015 418 3120 erfingi.
459 3015 511 3092 El
525 3015 666 3120 hvargi
686 3041 730 3091 er
747 3016 879 3118 peiora
899 3015 970 3118 vip
1034 3021 1165 3098 alendi
1190 3021 1369 3097 domicilii
1392 3021 1538 3096 accoloe
1564 3022 1613 3096 de
1640 3021 1832 3096 alimonioe
1856 3040 1955 3119 μνω-

59 3159 202 3254 stsddr,
234 3167 305 3262 epo
326 3161 423 3237 vilia
441 3161 532 3264 peis
550 3161 651 3266 εἰεί,
682 3161 733 3262 pa
753 3187 775 3236 a
794 3185 835 3238 ta
853 3169 970 3263 mopr
1034 3170 1140 3242 stitoe
1160 3167 1390 3274 sufficientia
1412 3167 1629 3266 dispiciant.
1687 3166 1750 3259 (Si
1768 3165 1876 3264 prius
1895 3187 1956 3238 us·

59 3329 97 3382 er
111 3303 245 3383 stende
264 3309 311 3382 til
330 3305 676 3384 irumfdsslonnar.
714 3305 778 3382 El
790 3333 832 3384 sa
850 3315 970 3410 verpe
1034 3317 1196 3400 seritur,
1225 3316 1325 3390 hanc
1349 3339 1434 3390 vem
1458 3313 1554 3388 bene
1573 3337 1616 3387 se
1633 3309 1773 3386 habene
1788 3281 1955 3409 compro·

57 3451 127 3556 sigi
147 3454 194 3528 til
214 3481 237 3528 a
256 3451 469 3554 necqveria
489 3452 606 3546 lund,
629 3461 680 3555 1³³
699 3480 722 3528 a
740 3479 781 3530 so
801 3479 847 3528 er
863 3451 970 3528 heta
1035 3456 1315 3562 batumfuerit)
1323 3457 1653 3560 judieessundum
1668 3453 1798 3528 alendi
1807 3469 1956 3528 susten·

59 3595 126 3668 vitt
157 3595 261 3701 dags
298 3623 550 3700 amsganom.
616 3597 671 3674 Et
701 3595 833 3700 omagi
869 3595 969 3672 loun
1035 3605 1168 3674 tatiani
1183 3601 1405 3706 adsignent,
1432 3617 1472 3676 et
1488 3607 1526 3676 ei
1540 3601 1776 3702 atljudioent,
1803 3597 1867 3698 qvi
1886 3595 1956 3670 ali·

59 3737 216 3816 sisttrte
234 3751 329 3844 mep
346 3768 425 3835 ser,
448 3769 496 3818 oc
513 3767 580 3818 sva
597 3749 688 3843 pott
705 3738 816 3844 sprir
832 3739 968 3844 syndi,
1035 3749 1202 3820 monium
1227 3745 1365 3821 alendo
1387 3743 1549 3844 praebet.
1608 3743 1756 3818 Hoecce
1777 3765 1897 3818 consa
1919 3745 1959 3816 ei

54 3891 101 3986 ln
119 3913 141 3962 u
159 3883 269 3964 hsnn
291 3887 405 3964 siellr
424 3894 490 3964 soc
501 3939 517 3980 ,
550 3885 596 3963 ei
611 3884 723 3963 hsnn
745 3911 850 3964 cuun
873 3893 970 3989 rapa
1034 3893 1211 3991 competit
1227 3891 1396 3994 agenda,
1425 3893 1487 3992 qni
1506 3893 1545 3962 in
1568 3887 1699 3964 alendi
1716 3889 1957 3962 sustentatio-

56 4030 100 4106 ot
123 4029 207 4108 iulo
231 4032 363 4138 cyris,
401 4031 504 4108 endu
537 4031 621 4107 toti
651 4030 743 4134 peis
773 4031 853 4136 sigi
883 4029 971 4136 iyrr
1036 4061 1123 4112 nem
1154 4034 1253 4112 bana
1280 4038 1499 4123 constituit,
1537 4041 1664 4140 ejusne
1692 4031 1849 4110 ltoeredi.
1913 4029 1960 4106 Si

59 4201 147 4282 opp.
192 4179 242 4254 Su
261 4185 376 4280 mspr
393 4203 438 4254 er
455 4177 614 4281 anquist
630 4175 736 4252 hetin·
753 4201 968 4280 omugann,
1035 4182 1168 4261 luorum
1195 4179 1255 4256 nel
1277 4195 1413 4256 neuter
1433 4180 1600 4284 adfuerit
1621 4181 1681 4256 nel
1700 4201 1812 4282 agere
1833 4175 1956 4252 volue-

62 4339 141 4398 ιιι
164 4321 282 4427 helpe
308 4345 373 4400 ser
396 4321 680 4426 biargqvipur,
713 4324 750 4402 V
776 4319 971 4398 heimilis·
1035 4329 1111 4418 rit,
1146 4349 1267 4403 causa
1299 4325 1352 4402 ad
1383 4349 1469 4402 eum
1501 4323 1731 4412 devolvitur,
1767 4321 1820 4396 ad
1848 4343 1954 4420 qoem

66 4461 131 4544 bus
146 4495 354 4574 omogons,
385 4483 427 4544 ot
444 4468 539 4544 bero
558 4465 605 4542 ol
617 4475 702 4570 pot,
732 4464 852 4544 hvart
868 4464 971 4542 han·
1035 4471 1167 4548 ciendi
1181 4475 1405 4548 sustentatio
1422 4481 1582 4570 spectat.
1634 4465 1722 4541 Hoc
1738 4461 1860 4562 alt'qro
1877 4481 1955 4534 mo·

57 4637 115 4690 on
141 4614 228 4692 veri
257 4637 304 4690 sn
331 4613 411 4688 nist
436 4610 575 4716 leogio
586 4595 608 4706 ,'
638 4637 682 4687 er
708 4611 859 4688 hanam
884 4611 970 4688 veri
1035 4617 1086 4692 do
1116 4617 1312 4712 deficiente
1342 4632 1463 4691 cansa
1490 4609 1547 4686 ad
1569 4631 1657 4684 eum
1685 4605 1858 4692 devenit,
1893 4607 1957 4705 qvi

52 4779 135 4838 vert
160 4761 258 4866 rip,
292 4757 336 4834 el
360 4756 470 4836 naun
497 4756 599 4862 pugi
625 4755 688 4832 vel
700 4801 716 4850 ,
749 4779 832 4830 sem
858 4751 971 4830 hano
1036 4761 1174 4836 alendo
1197 4763 1343 4860 primus
1370 4777 1592 4832 succurrere
1618 4747 1711 4824 nult.
1777 4747 1824 4820 Si
1849 4747 1955 4824 alen·

1034 4903 1108 4978 dus
1124 4907 1204 5001 ipse
1218 4903 1381 5004 pmprtae
1393 4896 1676 4974 sustentationis
1690 4896 1850 4992 proemia
1863 4917 1953 4968 con·

973 5015 980 5030 ’
1034 5049 1214 5134 stituen't,
1245 5059 1287 5118 ut
1302 5057 1342 5120 et
1358 5049 1395 5118 si
1408 5043 1477 5117 alii
1493 5065 1539 5114 ea
1555 5033 1806 5138 praebuerint,
1832 5059 1952 5112 causa

1034 5185 1181 5289 agenda
1211 5187 1264 5262 ad
1292 5211 1379 5264 eum
1408 5188 1595 5292 pertinet,
1628 5179 1738 5257 modo
1770 5178 1952 5256 bonorum

1638 5328 1659 5400 1
1673 5323 1687 5398 i
1706 5325 1732 5398 2
