4656 6022
1090 345 1475 446 ..112-

326 601 447 660 Domus
462 600 496 658 in
502 595 607 677 fundo
623 597 722 655 alieno
739 592 885 674 qvoneodo
902 593 1119 654 conservanda
1138 595 1219 656 FRS.
1227 593 1251 654 1.

326 751 370 766 -
396 715 443 776 ad
463 716 649 795 proscriptos
678 710 841 792 capiendos
870 711 991 792 qvando
1021 709 1252 772 concremanda·

371 835 443 894 168.
456 833 531 891 CXI.

327 951 520 1010 Donationes
533 969 592 1026 pro
610 949 724 1005 anima
741 966 807 1004 sua
826 946 937 1005 oahrtoe
954 945 1030 1026 qvid
1048 946 1105 1006 IIS.
1115 945 1167 1004 XI.

328 1101 370 1114 -
390 1070 469 1126 inter
486 1068 570 1124 vivos
592 1065 650 1122 IIS.
660 1064 711 1122 XI.

327 1217 370 1232 -
380 1183 493 1266 saetas
510 1181 628 1240 donans
645 1201 682 1238 ne
701 1187 820 1237 revocet
841 1177 898 1236 IIS.
911 1177 963 1236 XI.

327 1335 371 1348 —
390 1298 637 1370 remuneranda,
660 1299 689 1354 si
704 1295 761 1354 hoo
778 1294 943 1374 stipulatur
963 1295 1020 1352 IIS.
1030 1295 1083 1354 XI.

329 1452 371 1466 -
393 1417 439 1476 ad
448 1420 507 1498 pia
527 1435 653 1496 corpora
666 1414 877 1494 privilegiata
902 1411 1084 1476 11s.xv111.

329 1945 488 2082 Effatum
509 1997 710 2058 veridicorum
731 1997 877 2078 quomodo
891 1995 1060 2079 serendum
1086 1993 1162 2055 108.
1173 1995 1255 2056 XVI.

329 2153 372 2166 -
392 2121 421 2176 si
439 2117 477 2175 de
499 2137 532 2176 eo
552 2121 631 2175 r'rrter
648 2115 796 2174 veridicos
815 2137 875 2174 non
894 2115 1066 2173 convenerit
1086 2113 1163 2172 108.
1174 2111 1255 2173 XVI.

329 2269 372 2282 -
393 2233 515 2316 qvando
530 2235 719 2310 persolutum
740 2235 779 2290 sit
801 2233 968 2292 IOS.XVI.

330 2383 373 2396 -
392 2349 545 2406 auxiliare
562 2347 762 2426 distinguitur
779 2369 799 2404 a
812 2347 982 2425 prinoioali
997 2344 1151 2406 Ios-XV·
1175 2343 1256 2406 XVI.

330 2465 573 2523 -irritationis
593 2463 669 2542 qvid
688 2463 858 2523 tos.xv1.

331 2616 374 2628 -
393 2581 547 2640 auxiliare
567 2579 605 2636 de
623 2578 743 2636 alendis
756 2579 933 2658 peregrinis
952 2577 1097 2637 AS.XIX.
1125 2577 1190 2638 XX·

330 2733 373 2746 -
385 2697 509 2780 salsura
534 2699 567 2754 in
591 2698 719 2754 comitiis
742 2693 919 2754 vernalibus
941 2693 1086 2776 qvomodo
1103 2697 1257 2774 puniatur

357 2815 451 2898 108.
463 2815 598 2878 XXXIX.

332 2935 426 2990 —in
445 2929 566 3006 judicio
586 2933 731 3010 pratensi
748 2928 907 3010 prolatum
930 2948 1023 3008 qvam
1037 2949 1167 3009 parram
1188 2928 1256 2988 Istat

375 3053 398 3108 F
400 3049 458 3106 Rs.
466 3049 561 3106 XVII.

330 3199 374 3212 --
393 3164 545 3222 auxiliare
565 3163 603 3220 de
627 3162 739 3220 damno
761 3163 878 3236 injuria
895 3158 968 3219 dato
990 3162 1117 3247 FRS.X.

331 3282 458 3360 Egenus
483 3279 550 3357 qvis
576 3288 605 3336 et
634 3277 713 3336 bona
742 3281 808 3354 tep'us
835 3275 981 3358 qvomodo
1006 3275 1174 3338 tractanda
1200 3275 1255 3336 CS.

376 3395 459 3458 VIII.

331 3513 482 3586 Einkunn,
504 3509 591 3570 vide:
614 3520 688 3570 nota
708 3510 903 3586 disjunctiva.

331 3630 478 3702 Eius-ini,
502 3628 588 3687 vide.-
610 3630 733 3688 colonus
742 3629 900 3709 famulitii
916 3644 1030 3707 expers.

331 3745 559 3823 bb'eotamenta,
583 3747 616 3804 in
636 3747 708 3804 litus
722 3747 849 3826 pupilli,
872 3744 1064 3806 hareditatis
1082 3745 1178 3823 rapiti
1197 3741 1256 3802 ad-

367 3866 523 3937 jiciantur
544 3863 601 3920 IIS.
613 3865 663 3921 IX.

331 3979 465 4056 Eindagi,
488 3978 574 4038 vide:
596 3983 743 4037 terminus
760 3977 898 4038 solvendi
908 3981 1121 4058 peremtorius,

330 4093 650 4154 Eunoni-venditant
662 4093 764 4173 fundi
784 4106 875 4154 tester
895 4094 1103 4156 adhibeantur
1124 4091 1205 4152 FRS.
1216 4091 1254 4152 11.

374 4210 455 4268 XIII.
499 4210 552 4265 IN.
566 4209 618 4270 IV.

248 4369 252 4378 .
329 4359 373 4374 --
392 4327 482 4384 navis
499 4326 690 4384 mercatoriae
708 4335 798 4383 testes
816 4323 921 4386 adsint
941 4327 995 4387 IN.
1003 4327 1056 4390 IV.

329 4477 372 4491 -
384 4453 534 4523 proeturce
550 4453 641 4501 testes
662 4440 832 4500 adhibendi
851 4444 905 4500 IN.
916 4445 968 4504 IV.

330 4558 581 4622 Ebutiwenditio
590 4557 692 4639 sinedi
707 4558 829 4639 qvando
846 4563 1020 4618 necessaria
1040 4559 1120 4623 ma
1132 4559 1214 4624 VIII.

330 4678 438 4736 butor
455 4674 558 4755 fundi
581 4675 703 4756 qvando
732 4679 799 4752 ejus
819 4687 987 4758 proventus
1013 4695 1122 4756 ocqrere
1147 4677 1254 4754 ἱηοῲῦ

374 4794 455 4852 FRS.
465 4793 504 4852 11.

328 4941 371 4956 -
393 4912 422 4967 si
445 4906 492 4966 ad
514 4911 658 4969 termine
674 4909 775 4990 fundi
797 4912 872 4972 emti
892 4907 1046 4993 regundoe
1067 4929 1131 4970 non
1153 4929 1253 4989 oppa·

372 5027 470 5082 ruerit
489 5027 572 5084 FRs.
581 5027 634 5088 IV.

1317 595 1390 656 Dos
1405 593 1590 668 adventitia,
1616 596 1645 654 si
1663 615 1740 654 uxor
1760 596 1896 676 inprobis
1917 597 2061 672 neoritnr,
2089 595 2138 656 ad
2155 595 2244 656 dato·

1362 733 1442 782 rem,
1457 715 1555 786 juxta
1571 713 1721 790 stipulata
1738 723 1873 776 revertat
1895 715 2003 772 11s.11.

1317 859 1361 875 --
1379 829 1497 898 uxoris,
1529 832 1617 903 oujta
1639 832 1768 888 maritus
1791 851 1905 911 egenus
1926 833 2072 904 awritur,
2101 829 2243 912 quomodo

1363 943 1532 1004 tractanda
1555 945 1670 1003 calx,

1318 1063 1414 1138 Drep,
1439 1059 1524 1119 vide.-
1545 1063 1634 1118 iotae.

1318 1176 1497 1238 Duodeoern
1514 1195 1664 1238 annorum
1680 1189 1774 1236 natus
1794 1180 1843 1236 vir
1860 1191 1906 1239 est
1922 1181 2008 1240 testis
2025 1179 2156 1242 idoneue
2177 1182 2248 1242 168.

1261 1321 1266 1328 ·
1363 1293 1430 1356 XV.

1318 1409 1553 1492 Duplioationee
1572 1423 1603 1472 et
1620 1411 1831 1491 replicationes
1852 1413 1929 1474 IOS.
1939 1415 2020 1474 XIX.

1321 1993 1488 2054 ibimatio
1508 1993 1630 2076 qvarulo
1643 2007 1775 2076 peraeta
1792 2001 1833 2058 sit
1854 1999 1932 2058 tos.
1942 2001 2023 2062 XVI.

1321 2109 1465 2190 Epibatoe
1485 2124 1643 2172 vecturam
1659 2135 1790 2194 peregre
1814 2116 1874 2176 sibi
1892 2117 2090 2196 stipulantes,
2117 2119 2148 2176 si
2167 2126 2244 2175 stan

1365 2240 1497 2306 tempore
1515 2249 1576 2287 non
1593 2243 1742 2310 apparent
1763 2234 1817 2290 JIV.
1828 2235 1865 2292 II.

1320 2345 1465 2425 Episcopi
1474 2350 1645 2406 auotoritas
1655 2351 1688 2404 in
1699 2369 1732 2406 re
1742 2351 1876 2428 meptiali
1888 2349 2055 2410 FCS.XIII.
2076 2349 2161 2410 XIV.
2182 2347 2246 2407 XV·

1365 2464 1430 2534 xx.
1468 2465 1590 2523 xxxn.
1630 2451 1737 2524 xilv.
1774 2467 1823 2522 L1.
1860 2467 1939 2524 aa.
1976 2467 2055 2528 mv.

1321 2611 1363 2625 —
1382 2581 1536 2638 incastris
1555 2579 1730 2640 decidendis
1752 2583 1927 2640 As.xxx1.

1321 2727 1364 2743 ·-
1382 2697 1416 2754 in
1435 2698 1539 2755 causis
1560 2697 1740 2756 alendorum
1762 2699 1933 2762 CS.XLVI.

1321 2845 1364 2858 -
1384 2801 1468 2871 oiroa
1489 2815 1663 2892 sepulturae
1686 2817 1758 2874 168.
1771 2817 1878 2874 XXXI.

1321 2929 1404 3010 Eqvi
1418 2951 1478 3009 per
1496 2943 1613 3010 tempus
1634 2935 1824 2990 comitiorum
1841 2933 2035 3012 generalium
2057 2929 2244 2994 custodiendi

1367 3048 1514 3127 qvoniodo
1533 3047 1706 3107 habeantur
1727 3049 1803 3110 tos.
1815 3051 1894 3111 LIV.

1320 3165 1422 3245 Eqvoe
1439 3168 1565 3246 signare
1582 3141 1643 3228 oon
1658 3169 1864 3224 neceesarium
1886 3167 1940 3224 CS.
1952 3168 2004 3226 XI.

1319 3281 1484 3360 Eqvitatus
1498 3285 1600 3358 major
1613 3294 1643 3340 et
1658 3285 1756 3341 minor
1770 3281 1845 3361 qvid
1858 3283 2037 3344 chuvll.
2062 3281 2117 3340 CS.
2124 3281 2242 3342 XXXII.

1320 3398 1403 3477 Eqvi
1427 3398 1539 3470 alieni,
1570 3403 1601 3458 si
1625 3399 1706 3458 male
1731 3409 1908 3458 tractantur
1936 3399 2016 3458 FCS.
2032 3399 2141 3462 LVIII.
2191 3399 2242 3460 CS.

1364 3515 1503 3576 XXXIV·
1881 3554 1883 3560 ·

1321 3663 1364 3676 -
1382 3633 1413 3690 ei
1430 3630 1661 3690 commodantur
1684 3633 1737 3690 CS.
1749 3632 1885 3690 XXXIII.

1320 3778 1363 3792 -
1383 3746 1513 3825 depositi
1540 3760 1570 3808 et
1598 3747 1705 3808 alendi
1730 3748 1876 3828 qvoniodo
1902 3747 2062 3808 tractandi
2087 3749 2143 3809 CS.
2154 3748 2241 3808 xxx.

1366 3865 1476 3922 XXXI.

1320 4011 1363 4026 ·-
1381 3979 1568 4039 commodati
1584 3979 1730 4060 qvontodo
1749 3981 1908 4040 tractandi
1929 3983 2132 4046 eamn.

1320 4131 1362 4144 --
1376 4097 1523 4175 palantes
1540 4098 1686 4177 qvornodo
1703 4099 1864 4162 traotandi
1879 4101 2079 4164 CS.XXXIV.
2108 4100 2238 4162 XXXVI.

1320 4245 1362 4259 ·—
1368 4213 1515 4292 palantes
1525 4215 1670 4294 qvomodo
1674 4215 1893 4294 proclamandi
1903 4218 2099 4277 CS.XXXIV.
2107 4217 2238 4280 XXXVI-

1316 4361 1361 4374 ·-
1380 4351 1553 4390 communes
1571 4332 1717 4412 qvomodo
1735 4330 1909 4390 habeantur
1932 4335 1986 4392 CS.
1996 4336 2118 4394 XXXV.

1318 4447 1404 4526 Bovo
1415 4447 1598 4508 admiesario
1609 4451 1639 4506 si
1650 4446 1753 4504 cauda
1761 4447 1984 4524 praeconditur
2004 4450 2058 4509 68.
2065 4451 2214 4512 XXXVII.

1318 4563 1453 4644 Hpvurn,
1478 4567 1531 4622 oui
1549 4561 1660 4621 insedit
1681 4562 1775 4636 alter,
1803 4566 1832 4622 si
1852 4567 1919 4643 qvis
1939 4563 2147 4625 verberaverit
2167 4565 2237 4628 JOE·

1364 4681 1427 4740 LV.
1458 4681 1561 4738 LXIX.
1590 4681 1683 4740 XCII.

1317 4795 1483 4881 havitatus
1513 4795 1656 4871 illicitus,
1693 4795 1732 4856 de
1761 4816 1795 4856 eo
1824 4795 1971 4876 qvornodo
1999 4795 2160 4878 agendum
2189 4796 2235 4859 CS-

1363 4912 1530 4973 XXXVIII.

1317 5029 1413 5086 Error
1429 5031 1513 5086 air-oa
1530 5033 1743 5108 cognationem
1765 5031 1822 5090 lis.
1833 5029 1885 5090 IX.

328 5139 495 5199 tharasio
516 5163 684 5203 causarum
704 5141 824 5225 qvando
846 5097 1027 5206 merantur
1044 5143 1122 5210 108.
1134 5145 1201 5210 XII.
1316 5145 1460 5225 &ceptio
1480 5149 1665 5228 ignorantia
1684 5159 1714 5207 et
1735 5145 1821 5208 bona
1830 5147 1915 5224 fidei
1935 5147 1989 5210 CS.
1999 5146 2105 5212 XLVI.
