4694 6048
1182 353 1499 474 «8,...

241 667 243 672 ,
296 677 301 694 ,
372 611 484 696 {nnn
509 615 653 698 mundi
678 615 747 723 pri
771 642 886 696 come
914 615 961 696 til
983 623 1097 724 poss,
1131 613 1176 697 ei
1193 613 1309 698 hana
1373 623 1585 730 conjecerit
1606 623 1646 699 in
1669 623 1857 714 aiterum,
1887 637 2105 726 tam³prope
2127 621 2305 701 constitu·

373 763 499 870 hospi
520 775 593 872 eps
612 765 700 843 ecki
721 763 919 871 stiprepi.
1375 788 1456 864 tus,
1479 790 1523 850 ut
1538 773 1769 884 modolrecte
1784 771 2046 862 collineasset,
2069 797 2147 848 nec
2166 777 2207 846 in
2225 785 2305 847 actu

1374 917 1600 998 subsisteret
1615 919 1782 1010 missile,
1812 918 1876 996 ilie
1890 925 2231 1026 perstringeretur.

678 1165 742 1256 II.
778 1163 994 1254 Cressam.
1459 1180 1468 1198 ‘
1701 1164 1884 1254 Truncus
1917 1163 1978 1254 Π.
2032 1205 2035 1214 ’

373 1327 462 1408 Um
489 1335 599 1444 pat,
636 1327 690 1408 ef
716 1329 984 1437 irumlaup
1016 1353 1070 1406 er
1097 1353 1121 1406 e
1150 1321 1307 1436 gungi
1374 1327 1446 1410 De
1479 1329 1920 1436 aggressionibus,
1960 1349 2069 1435 qrae
2102 1331 2159 1404 in
2196 1339 2304 1407 actu

418 1451 423 1460 ⁴
726 1463 951 1563 stbpra't.
1684 1459 1994 1538 subsistunt.

371 1559 448 1740 pa
470 1666 514 1716 er
532 1637 742 1772 irumlsup
757 1671 780 1720 u
797 1640 915 1748 gangi
931 1644 1106 1742 stispvst,
1132 1633 1178 1714 ef
1191 1636 1309 1730 kima·
1373 1581 1495 1716 Tum
1529 1649 1722 1748 aggressio
1752 1647 1794 1740 in
1825 1657 1917 1720 actu
1948 1639 2167 1730 cohibitur,
2206 1639 2303 1714 siin

373 1769 395 1864 a
419 1814 524 1892 vapn
534 1841 549 1881 ,
581 1790 816 1892 episopis,
848 1795 922 1892 eps
944 1813 966 1864 a
989 1785 1097 1878 5611,
1127 1791 1201 1886 eps
1223 1780 1308 1858 teki
1374 1813 1509 1876 anna,
1538 1790 1762 1872 indumenta
1780 1790 1998 1882 (militaria)
2016 1789 2077 1864 set
2093 1805 2238 1865 terram
2257 1787 2304 1857 in·

313 1931 324 1940 '
371 1959 496 2010 menn
516 1933 586 2038 sip
608 1937 697 2040 ¹)[s
718 1935 855 2044 lapti].
903 1935 944 2034 2)
955 1931 1027 2038 [Ei
1040 1955 1164 2008 menn
1182 1937 1309 2032 praeta
1373 1932 1494 2023 eiciat,
1508 1949 1579 2010 aut
1589 1933 1774 2010 adnotans
1787 1935 1930 2012 missile
1943 1940 2301 2035 excipiaturmanu·

371 2106 442 2155 um
469 2078 677 2187 frumlaup
700 2079 820 2157 hrart
838 2109 861 2158 a
881 2077 964 2154 hafi
989 2077 1115 2153 comit
1134 2083 1207 2177 apr
1226 2071 1307 2178 εἰεί
1374 2081 1484 2158 Mota
1514 2105 1635 2183 super
1660 2083 1904 2188 aggressione
1933 2097 2059 2158 utrum
2087 2083 2302 2163 strinxerit,

372 2254 420 2302 oc
451 2230 533 2304 scal
565 2229 680 2330 Priat
713 2226 799 2304 eins
832 2223 932 2330 drep
962 2247 1081 2316 veru,
1120 2219 1165 2297 ef
1189 2221 1310 2326 qvipr
1351 2231 1448 2304 'nec
1468 2251 1535 2320 ne,
1564 2190 1773 2335 quastione
1788 2255 1858 2330 pro
1876 2231 1955 2306 ictu
1972 2227 2084 2304 motio
2102 2226 2302 2310 habeatur,

372 2376 467 2450 herr
501 2383 597 2478 pat,
636 2390 679 2450 at
710 2377 736 2448 a'
766 2371 872 2447 hinn
907 2368 1051 2446 mundi
1073 2359 1228 2478 'Romen
1268 2363 1315 2442 ef
1373 2375 1411 2447 si
1439 2377 1594 2453 veridici
1618 2380 1854 2454 asseruerint
1872 2375 2084 2488 saturum,
2123 2391 2171 2449 ut
2197 2373 2302 2456 aiter,

373 2519 486 2596 hnnn
504 2520 616 2624 strepi
634 2519 729 2596 herr
745 2518 867 2626 syria.
914 2508 975 2592 Ea
994 2543 1063 2593 um
1081 2523 1164 2619 Pau
1181 2513 1310 2592 sru'm·
1374 2523 1504 2597 nudus
1524 2522 1708 2615 obstans,
1738 2527 2057 2628 perstringeretur
2076 2521 2149 2598 sed
2169 2523 2220 2598 de
2241 2543 2302 2591 no·

288 2707 291 2716 v
373 2669 470 2775 laup
490 2673 526 2750 V
545 2639 590 2746 er
612 2693 672 2744 nu
695 2691 765 2744 ero
789 2665 906 2760 tulit,
937 2689 985 2742 oo
1009 2661 1310 2768 fiiirbaugsgsrp
1375 2673 1530 2745 minatis
1550 2671 1626 2747 iliis
1647 2667 1956 2775 aggressionibus
1977 2631 2161 2772 quinque,
2190 2665 2301 2746 exilu

373 2779 542 2920 vesper,
570 2827 626 2921 ‘pa
653 2843 697 2892 er
719 2814 800 2919 eigi
823 2839 920 2891 soen
946 2811 994 2886 til
1018 2836 1137 2886 neme
1161 2817 1307 2913 pause
1372 2817 1578 2918 puniendis
1603 2843 1716 2923 agere
1744 2841 1823 2894 non
1850 2815 1964 2905 iicet,
1998 2819 2043 2889 ni
2067 2831 2162 2892 ante
2190 2815 2301 2892 sotem

373 2965 454 3069 lyst
480 2962 586 3068 syris
614 2963 742 3039 buum
777 2963 813 3041 V
842 2958 946 3065 syris
974 2957 1110 3060 pripio
1142 2957 1201 3038 sol
1234 2963 1308 3060 epa
1376 2967 1529 3040 tertium
1561 2963 1705 3042 accolis
1733 2969 1892 3069 quinque
1917 2987 2048 3038 coram
2076 2963 2302 3038 denuntien-

173 3163 180 3186 .
296 3159 298 3164 ψ
372 3108 539 3184 nesndir
557 3103 995 3224 stegnas-vettonum
1020 3125 1180 3180 aenam
1199 3127 1308 3180 samu
1376 3122 1463 3200 tur,
1493 3111 1554 3188 vet
1573 3117 1613 3186 in
1638 3113 1722 3188 ioco
1744 3115 1801 3188 rei
1816 3126 1941 3217 gestae
1962 3124 2078 3185 testes
2098 3105 2303 3186 oculatide

372 3254 613 3366 retroagi}
864 3259 866 3264 '
1374 3281 1423 3334 ea
1442 3271 1696 3335 antestentur.

668 3501 753 3590 III.
791 3499 1011 3592 Carnum.
1415 3589 1420 3601 ,
1688 3503 1871 3592 Truncus
1903 3499 1987 3590 ΙΠ.

373 3671 460 3746 Um
488 3675 577 3774 pat
606 3665 875 3773 irumlaup
904 3691 957 3743 es
984 3669 1126 3768 mapr
1154 3659 1309 3750 fellis
1374 3668 1445 3746 De
1472 3675 1816 3776 aggressione,
1849 3669 2070 3791 qra'qris
2097 3665 2304 3744 aiterum

753 3823 920 3876 mann.
1682 3801 1982 3900 prosternit.

372 3903 470 4082 pat
486 4007 531 4056 er
544 3983 600 4060 VI
615 3975 840 4084 frumlaup,
866 3977 911 4056 ei
924 3986 1040 4080 mapr
1054 3977 1167 4056 fellis
1179 4003 1305 4056 mann
1372 3917 1518 4058 Sexta
1549 3997 1613 4058 est
1640 3986 1860 4087 aggressio,
1896 3983 1933 4054 si
1962 3979 2045 4082 qvis
2073 3975 2241 4056 alterum
2270 3979 2308 4052 in

373 4155 420 4206 oo
444 4133 917 4230 vo1·1)arpatscoggeng.
977 4127 1037 4199 En
1059 4131 1131 4226 pat
1152 4149 1196 4198 er
1214 4121 1305 4218 fau,
1373 4143 1512 4204 terram
1530 4131 1760 4218 arietaverit,
1783 4146 1869 4232 qrae
1884 4129 2155 4228 proscriptione
2170 4132 2308 4228 pussia·

372 4277 417 4354 ei
437 4275 541 4353 hinn
565 4283 679 4379 styps
702 4273 798 4376 nips·
821 4272 899 4347 kne
923 4279 996 4375 eps
1018 4267 1170 4363 hendi,
1204 4270 1307 4346 sllru
1373 4289 1451 4350 turs
1511 4273 1560 4348 In
1584 4255 1722 4350 terram
1741 4299 1849 4378 qvem
1868 4275 2052 4350 cecidisse
2068 4278 2306 4352 censendum

373 4425 504 4517 helzt,
536 4419 705 4500 ethnon
725 4417 980 4500 fellrmeirr.
1044 4419 1154 4518 ⁸)En
1172 4424 1307 4520 pater
1370 4436 1456 4511 est,
1498 4425 1536 4496 si
1564 4445 1668 4526 genu
1703 4421 1764 4496 rei
1797 4446 1916 4496 manu
1953 4436 2067 4495 terne
2100 4425 2306 4508 innitatur,

372 4589 413 4650 et
431 4569 554 4653 Vnda
576 4567 784 4673 smmlsup
794 4621 809 4662 ,
840 4561 885 4641 ef
904 4573 1020 4670 mopr
1040 4565 1163 4642 roenir
1181 4591 1306 4642 mann
1372 4571 1545 4645 manime
1563 4595 1673 4658 reru,
1702 4573 1739 4664 si
1757 4569 1880 4671 magis
1898 4572 2165 4668 prosternitur.
2225 4569 2308 4642 Pro

372 4681 592 4798 hundruni.
667 4713 800 4820 ⁴)[En
833 4721 904 4816 pat
936 4739 982 4789 er
1014 4709 1227 4808 handran,
1267 4709 1311 4788 ei
1371 4720 1534 4816 septima
1559 4719 1801 4820 aggressione
1826 4712 2035 4805 habeatur,
2069 4717 2105 4789 si
2131 4737 2235 4786 unus
2265 4715 2307 4788 in

424 5030 455 5123 ¹)
480 5041 514 5100 B
529 5059 600 5098 oum
614 5041 679 5098 suis
694 5040 829 5105 omittit:
853 5058 872 5096 a
886 5037 979 5119 lopti,
1003 5035 1059 5098 sed
1073 5035 1183 5094 addit:
1208 5029 1253 5126 ῥα
1268 5053 1303 5096 er
1369 5077 1373 5080 -
1469 5057 1547 5099 uam
1568 5041 1782 5114 aggressionis
1804 5040 1934 5116 speciem
1948 5033 2043 5112 ponii
2065 5029 2121 5088 sed
2141 5019 2305 5110 raptatio-

475 5142 554 5201 srem
571 5159 626 5198 var
642 5139 728 5216 reitt,
753 5159 824 5196 curn
841 5137 1034 5213 eJ'ieisbatur.
1136 5171 1138 5176 ·
1473 5157 1542 5196 neus
1559 5149 1593 5194 ut
1608 5143 1782 5215 septimam.

424 5230 455 5324 ²)
481 5241 647 5320 Reliquum
659 5240 747 5298 tituli
761 5225 794 5298 'B
810 5257 882 5296 auru
897 5241 963 5298 suis
978 5238 1105 5298 omittit.
1144 5267 1150 5276 =
1421 5224 1455 5320 4)
1479 5239 1585 5316 δΠιιοὶε
1600 5239 1725 5298 inclusa
1741 5239 1774 5296 B
1786 5255 1857 5294 curn
1873 5235 1939 5294 suis
1953 5232 2079 5292 omittit.

427 5329 455 5428 ³)
480 5345 513 5404 B
526 5343 605 5430 {curn
625 5343 691 5402 stu's
712 5341 831 5399 crimen
850 5340 1000 5418 espiiaioe
1021 5357 1136 5403 manus
1157 5349 1196 5426 ut
1215 5346 1305 5396 acta-
