4656 6022
1124 393 1508 498 -114-

358 649 496 708 Famina
517 659 672 728 cumrato,
698 651 728 707 si
746 643 948 728 despondetur
969 647 1048 708 FCS.
1060 643 1143 708 vm.
1174 645 1222 706 LI.

359 765 619 844 -desponsata,
646 769 675 825 si
693 779 853 847 stupratur
875 767 953 825 FCS.
964 765 1046 824 VIII.

358 863 528 956 Ιῗανηίικι,Ι
544 901 612 961 qooe
632 903 711 955 non,
739 887 802 943 nisi
820 903 890 942 cum
911 887 1020 942 tutoris
1038 901 1185 940 consensu
1207 899 1282 938 oen-

403 999 474 1058 dere
482 1012 585 1078 potcst
605 1003 684 1060 FCS.
696 1004 776 1060 XXI.

359 1149 401 1162 -
420 1120 451 1176 si
465 1122 644 1178 vestimenta
662 1119 765 1178 virilia
782 1117 916 1178 induerit
936 1117 1015 1177 FCS.
1027 1116 1137 1176 XXIV.

359 1267 402 1278 -
421 1233 533 1308 libera,
557 1240 586 1294 si
601 1247 759 1316 stupratur
780 1239 858 1296 FCS.
871 1237 965 1295 XXV.

359 1381 401 1394 —
421 1371 525 1423 serua,
549 1356 578 1410 si
591 1365 750 1432 stupratur
770 1355 848 1412 FCS.
857 1353 951 1412 XXV.

360 1499 402 1510 -
422 1466 565 1540 addicta,
588 1473 617 1527 n·
628 1481 787 1548 stupratur
806 1472 884 1528 FCS.
896 1469 990 1530 XXV.

360 1615 403 1626 -
423 1585 577 1658 mendica,
599 1591 629 1645 si
641 1597 799 1665 stupratur
821 1589 899 1647 FCS.
911 1588 1020 1646 XXVI.

360 1697 507 1758 Farnr'reoe
527 1714 676 1781 stupratas
697 1715 725 1761 et
743 1704 888 1783 grauida
908 1705 1035 1786 quaetio
1055 1699 1201 1783 quomodo
1223 1698 1284 1758 ha-

407 1814 506 1876 benda
530 1823 608 1878 FCS.
618 1823 757 1879 XXXIII.

361 1933 531 1994 Fiemi'rsam
548 1951 684 2016 raptam,
712 1941 741 1996 si
758 1941 823 2018 quis
844 1957 968 1996 uxorem
987 1935 1110 1996 duxerit
1130 1936 1209 1996 FCS.
1221 1934 1283 1992 XL.

359 2083 402 2096 -·
422 2054 451 2109 si
466 2056 532 2132 quis
545 2077 676 2135 peregre
695 2055 835 2113 detulerit
856 2057 935 2114 FCS.
946 2057 1022 2113 XLI.

360 2201 402 2214 -
420 2172 588 2248 gravidam
607 2193 693 2229 nemo
713 2171 816 2228 cadat
837 2173 909 2228 JCS.
920 2169 1041 2230 XXXV.

361 2286 499 2343 Foemma
518 2289 656 2366 gravida
678 2292 816 2367 qvamvis
836 2285 1037 2343 condenmata
1058 2283 1149 2342 vitali
1167 2285 1282 2342 securi·

407 2412 471 2460 sate
491 2423 551 2460 non
571 2403 745 2462 destituitur
767 2401 971 2464 Jcs.xxxV.

361 2550 403 2562 —
420 2519 557 2596 gravida
578 2523 671 2578 etiam
693 2521 906 2590 condemnato,
934 2515 1028 2576 donec
1042 2527 1171 2598 partum
1191 2519 1281 2574 enisa

406 2645 460 2706 est,
477 2639 620 2696 immunis
632 2640 688 2696 erit
699 2647 728 2695 et
739 2637 852 2695 aemilio
860 2635 1053 2716 protegenda
1063 2635 1142 2693 FCS.
1148 2631 1284 2696 XLVIII.

362 2785 403 2797 —
421 2757 451 2812 si
462 2757 589 2832 pariens
606 2759 733 2814 moritur
751 2755 826 2836 qvid
843 2753 976 2813 obtineat
998 2753 1076 2811 FCS.
1087 2751 1150 2810 LII.

360 2898 402 2916 *-
422 2871 517 2930 caelis
536 2876 704 2932 commissas
725 2883 812 2931 actor
830 2882 998 2951 competens
1016 2887 1209 2949 nequaquam
1226 2867 1284 2925 erit

404 2989 476 3046 Jcs.
486 2991 609 3049 XXXV.

362 3137 403 3150 -·
424 3106 545 3184 qvando
571 3109 757 3165 mansionem
779 3103 976 3164 domesticam
996 3101 1057 3162 sibi
1076 3105 1145 3182 ipsa
1166 3100 1283 3162 submi·

406 3225 538 3280 nistrare
553 3235 655 3300 potest
677 3225 730 3282 CS.
742 3224 821 3281 LIII.

362 3339 516 3396 Feeminas
537 3361 685 3418 quasnam
705 3338 788 3397 coede
809 3342 970 3398 commissa
990 3335 1148 3399 viredioare
1160 3333 1221 3415 sas
1239 3345 1283 3393 est

405 3458 476 3514 JCS.
489 3459 595 3514 XXXI.

362 3573 500 3632 Famina
527 3596 565 3632 ne
582 3575 721 3656 fundum
743 3572 864 3652 pradia
895 3570 1021 3632 dinato
1047 3573 1194 3645 majorem
1220 3571 1284 3628 sins

406 3695 514 3750 tutoris
541 3693 664 3752 consilio
691 3691 822 3764 vendat,
854 3693 916 3750 nisi
941 3693 974 3749 in
1001 3688 1124 3748 casibus
1152 3689 1284 3771 exceptis

406 3810 485 3866 FRS.
497 3811 535 3868 II.

362 3925 494 3984 Faenum
515 3949 590 3988 casu
611 3939 787 4007 congestum
809 3923 954 4006 quomodo
975 3921 1174 3985 diuidendum
1201 3921 1273 3980 FRS

406 4045 515 4100 XVIII.

361 4191 403 4204 -
423 4164 454 4218 in
487 4161 567 4218 reneio
586 4162 684 4219 alieno
702 4159 848 4241 quomodo
868 4157 1064 4219 muniendum
1083 4153 1285 4216 maxxvl.

362 4311 403 4323 -
423 4280 455 4336 in
470 4282 593 4357 proprio
605 4275 709 4356 sunda
731 4281 824 4334 etiam
844 4278 942 4357 legali
961 4279 1123 4355 sepimenta
1143 4274 1284 4330 munien-

407 4397 481 4455 dum
502 4397 581 4454 FRS.
594 4394 731 4454 XXVIII.

362 4515 477 4573 tunm
498 4517 530 4572 in
545 4515 670 4593 proprio
683 4509 787 4591 sunda
802 4529 899 4590 prope
919 4507 965 4586 ad
983 4507 1118 4567 alienum
1139 4503 1284 4588 quomoda

408 4643 546 4692 struatur
566 4633 645 4690 FRS.
657 4631 749 4688 XXX.

362 4781 404 4794 -
425 4747 516 4806 deco
537 4747 691 4822 deficiente
709 4739 854 4826 quomodo
872 4731 1029 4823 agendum
1054 4738 1135 4801 Fas.
1145 4741 1239 4800 XXX.

362 4865 471 4923 Fontes
494 4864 671 4924 domesticos
695 4885 717 4922 a
742 4863 902 4922 domama
926 4879 1013 4920 nemo
1039 4856 1177 4918 abducat
1204 4859 1286 4918 FRS.

404 4983 527 5041 XXXII.

366 5095 514 5176 torneae
526 5100 611 5174 justi
627 5101 753 5180 quinam
778 5095 854 5156 108.
865 5095 918 5158 IV.

366 5246 408 5258 —
428 5214 549 5293 qvando
568 5217 601 5274 in
620 5217 748 5273 comitiis
768 5223 939 5294 appareant
962 5211 1102 5274 Jos.1v.

1347 649 1496 728 anpetee
1513 647 1673 708 tabernam
1688 655 1847 731 prataria,
1872 673 1961 734 qvem
1977 665 2161 734 seqosastur,
2185 653 2231 712 inl
2258 687 2272 698 -

1395 765 1489 824 bitent
1510 769 1586 826 JOS.
1601 769 1653 826 IV.

1347 913 1389 928 ·-
1409 886 1438 940 si
1449 885 1592 962 pratens
1611 885 1662 942 sui
1679 879 1840 944 tabernam
1857 907 1919 946 non
1935 887 2070 946 adierint
2090 889 2228 947 tow.

1347 1029 1389 1046 ...
1407 1002 1438 1058 in
1456 1011 1604 1080 quantum
1621 1005 1763 1081 temporis
1772 986 1882 1082 forum
1901 1003 2115 1084 derelinquant
2136 1005 2273 1063 Jos.1v.

1348 1117 1500 1175 Fbrmulce
1513 1118 1725 1196 processuales
1743 1141 1765 1177 a
1785 1119 2001 1200 nonsoplsylace
2021 1125 2186 1202 quotannis
2201 1142 2274 1200 pro-

1393 1235 1567 1292 clamanda·
1593 1237 1649 1294 DS.

1348 1349 1492 1408 Formido
1519 1352 1565 1410 ad
1579 1352 1736 1426 judicium
1762 1353 1906 1412 bonorum
1932 1355 2142 1433 occrqrationis
2161 1375 2271 1431 prouo-

1395 1467 1492 1544 canti
1509 1469 1730 1528 Jos.val11.

1348 1617 1390 1630 -
1409 1585 1587 1643 antestandi
1602 1585 1641 1643 a'e
1658 1586 1821 1645 dicasterio
1839 1585 1979 1646 ordinato
2006 1589 2064 1646 DS.

1348 1725 1391 1747 ⁴-
1410 1703 1588 1760 antestondi
1605 1703 1643 1761 de
1657 1704 1766 1780 judice
1787 1704 1980 1763 demanare
2001 1707 2033 1762 in
2050 1703 2175 1779 judicio
2198 1725 2270 1783 qoa-

1394 1817 1515 1878 drantis
1537 1819 1646 1878 JOS.L

1347 1967 1390 1982 --
1409 1957 1537 1994 causam
1555 1937 1758 1998 denuntiandi
1777 1939 1853 1997 JOS.
1865 1939 1903 1997 II.

1348 2087 1389 2098 -
1410 2055 1590 2112 sciscitandi
1606 2056 1643 2113 de
1661 2059 1748 2113 curia
1770 2056 1847 2113 JOS.
1859 2057 1912 2114 111.

1348 2203 1390 2214 -
1410 2173 1590 2229 sciscitandi
1608 2170 1645 2228 dc
1663 2171 1813 2230 domicilio
1824 2176 1912 2248 justo
1935 2172 2075 2231 Jos.111.

1347 2317 1390 2331 -
1403 2289 1579 2362 iuramenti
1601 2289 1683 2367 qood
1701 2301 1830 2366 prestet
1851 2289 1976 2362 judices
1998 2292 2032 2346 in
2046 2289 2171 2364 jadice'o
2196 2311 2268 2369 qoa-

1394 2402 1515 2462 drantis
1531 2407 1671 2478 rejiciens
1693 2406 1768 2464 JOS.
1779 2406 1831 2465 VI.
2095 2381 2103 2398 ⁹

1348 2553 1390 2568 -
1405 2523 1599 2601 provocandi
1613 2522 1659 2580 aei
1668 2526 1850 2597 juramenta
1868 2520 2064 2580 exaudienda
2087 2521 2225 2580 sossi

1348 2671 1392 2686 -
1411 2659 1540 2696 caeream
1556 2639 1725 2698 enarrandi
1744 2639 1820 2698 108.
1832 2637 1898 2694 XII.

1348 2787 1390 2800 ·-
1398 2759 1572 2832 juramenti
1587 2755 1797 2835 quodjudices
1813 2753 1974 2829 injudicio
1992 2751 2177 2835 quadrantes
2186 2777 2267 2834 pree·

1392 2884 1472 2931 stent
1493 2875 1568 2932 JOS.
1580 2875 1673 2930 XXII.

1347 3023 1390 3036 —-
1408 2993 1441 3049 in
1457 2993 1622 3049 sententiae
1639 2987 1816 3048 (incedendi
1835 2987 2033 3069 1081111111.Ι

1348 3111 1576 3182 -juramenti
1596 3105 1679 3186 qvod
1691 3117 1810 3186 prator
1830 3104 1998 3182 injudicio
2018 3107 2170 3184 qoins'onis
2185 3129 2266 3188 pra·

1393 3235 1451 3280 stet
1472 3227 1549 3283 JOS.
1559 3225 1668 3286 XXVI.

1348 3373 1390 3385 —
1395 3341 1574 3438 juramenti
1594 3340 1676 3419 qvod
1695 3344 1817 3419 agentis
1836 3351 1865 3398 et
1884 3337 2074 3420 defendentis
2093 3341 2266 3419 comproba-

1393 3465 1473 3514 tores
1502 3461 1535 3515 in
1554 3459 1676 3532 judicio
1704 3459 1855 3536 quintanis
1876 3467 2025 3534 praestent
2057 3457 2134 3516 108.
2149 3457 2267 3518 XXVII.

1394 3575 1531 3632 xxvm.
1789 3545 1791 3554 ’

1349 3721 1391 3735 -
1401 3689 1526 3765 judices
1544 3693 1576 3749 in
1585 3691 1707 3767 judicio
1724 3693 1872 3772 qos'nionis
1890 3689 2043 3749 exirnsndi
2063 3691 2141 3752 108.
2151 3691 2268 3750 XXVII.

1393 3809 1532 3869 XXVIII.

1349 3958 1391 3970 -
1403 3928 1578 3998 juramenti
1594 3926 1677 4004 qood
1686 3925 1812 4000 judices
1832 3921 2000 3998 injudicio
2022 3925 2173 4002 quietionis
2186 3943 2267 4002 pra·

1395 4053 1474 4100 stent
1496 4043 1571 4100 JOS.
1583 4045 1706 4102 XXVII.
1741 4041 1880 4100 XXVIII.

1349 4187 1392 4204 --
1410 4155 1627 4235 adjudicium
1651 4157 1798 4217 batorum
1820 4153 2064 4235 occupandorum
2081 4153 2267 4235 provocandi

1394 4275 1469 4334 108.
1482 4279 1587 4336 XXIX.
1623 4277 1758 4338 XLVIII.

1349 4423 1392 4437 ·-
1403 4393 1578 4466 juramenti
1587 4396 1619 4451 in
1634 4391 1779 4451 bonorum
1791 4389 2038 4469 occupandorum
2040 4387 2163 4464 judicio
2174 4379 2267 4466 agen·

1394 4511 1436 4566 tis
1457 4511 1636 4568 JOS.XXX.
1666 4507 1802 4568 XLVIII.

1349 4657 1393 4672 -
1414 4623 1558 4684 bonorum
1584 4625 1829 4705 occupandorum
1847 4623 1964 4700 judicii
1988 4641 2155 4682 assessores
2179 4621 2266 4680 deno·

1396 4741 1537 4799 minandi
1555 4744 1630 4801 108.
1642 4743 1793 4802 XXXVII.

1349 4893 1392 4905 -
1414 4859 1571 4919 interdicti
1594 4865 1677 4920 circa
1703 4881 1815 4917 causas
1841 4855 2060 4936 dijudicandas
2087 4859 2120 4914 in
2144 4841 2265 4913 comme

1396 4977 1570 5036 vernalibus
1592 4978 1668 5036 JOS.
1679 4975 1816 5034 XXVIII.

1351 5125 1393 5150 -.
1414 5093 1539 5153 alendos
1559 5093 1743 5174 injungendi
1755 5093 1819 5151 ns.
1831 5093 1899 5153 VII.

1352 5243 1394 5258 ·-
1409 5213 1549 5294 puellam
1570 5210 1776 5290 despondendi
1795 5209 1952 5286 rcswll.
