4638 6030
1152 371 1249 468 -'
1294 379 1401 490 198
1466 447 1536 466 -

386 648 501 728 herir
530 645 639 750 i1>vi
666 645 774 724 mist.
837 645 897 720 En
925 641 969 720 ef
990 639 1102 718 hano
1130 639 1203 716 vill
1231 641 1311 744 eigi

251 857 255 863 .
378 787 492 864 siikia
520 796 573 889 pa
599 814 623 863 a
649 811 689 862 sa
717 811 761 860 er
788 783 875 860 vill.
941 781 1019 859 Nio
1048 782 1133 856 bua*
1155 781 1235 856 scal
1264 779 1312 855 til

385 935 473 1030 pess
492 925 635 1030 qvepia
654 953 676 1000 a
694 921 826 1028 pingi.
878 919 1014 998 Stesno
1034 927 1098 998 siic
1118 945 1161 996 er
1179 927 1266 1020 pat·

637 1447 805 1534 CXXI.
845 1446 1061 1534 Cunnum.

587 1611 677 1686 Um
722 1609 928 1713 verpla
974 1618 1112 1682 cast.

387 1713 484 1891 pat
516 1816 560 1867 er
595 1791 703 1866 maelt
736 1789 749 1864 i
784 1791 918 1892 liugom
951 1812 1087 1862 verom
1120 1799 1161 1858 ot
1193 1805 1316 1857 menn

387 1919 495 2012 stolo
522 1931 601 2036 eigi
630 1947 735 2006 casta
763 1928 943 2031 verplom
973 1925 1019 2000 til
1049 1922 1122 1998 fier
1146 1947 1231 2013 ser,
1266 1945 1317 1993 en

389 2072 434 2150 ef
448 2089 570 2165 cesta,
597 2097 643 2146 oc
664 2079 807 2171 vesper
827 2065 1139 2166 florbaugsgarp.
1189 2062 1318 2135 Menn

388 2211 496 2288 scolo
530 2235 576 2285 oo
610 2210 689 2310 eigi
726 2208 818 2282 teila
851 2233 916 2280 sve
950 2220 991 2278 at
1022 2200 1111 2302 peir
1144 2196 1247 2299 leggi
1278 2194 1317 2270 se

297 2433 303 2443 ,
389 2347 484 2447 rip,
525 2373 571 2420 oc
607 2371 705 2446 engo
739 2352 790 2444 pa
823 2341 901 2418 luti
936 2367 979 2414 er
1013 2337 1150 2412 manni
1185 2335 1319 2438 piokir

390 2485 501 2558 hetra
524 2499 564 2556 at
583 2481 675 2556 hafn
697 2509 746 2556 en
767 2508 819 2555 on
840 2497 881 2554 at
900 2503 1008 2553 vera.
1069 2479 1126 2550 En
1146 2475 1255 2578 peim
1276 2501 1320 2548 er

392 2620 430 2695 se
450 2621 561 2724 leggr
582 2620 649 2724 rip
670 2621 755 2715 tass,
782 2631 853 2723 epu
872 2603 970 2719 apro
987 2615 1081 2708 luti,
1107 2625 1157 2719 pa
1178 2624 1321 2716 varpar

392 2759 707 2864 fiiirbaugsgarp,
732 2759 832 2836 enda
855 2755 1160 2860 eratheimting
1181 2755 1225 2829 til
1248 2753 1322 2829 fior

330 2979 333 2986 ,
389 2907 489 3002 pess.
550 2903 606 2974 Eu
630 2900 706 3002 eigi
728 2901 807 2974 scal
830 2899 955 2974 kasta.
1013 2899 1059 2971 Sa
1081 2924 1101 2970 a
1122 2901 1256 2994 socpa
1278 2919 1322 2968 er

390 3039 463 3112 vill
489 3037 821 3141 innaufiorpuogs
846 3065 1016 3128 manna,
1047 3061 1094 3109 oc
1118 3059 1162 3108 er
1183 3049 1261 3106 rett
1280 3047 1322 3106 at

391 3175 474 3275 lysa
505 3204 527 3249 a
557 3177 767 3276 varpingi‚
809 3173 853 3248 ef
879 3175 969 3275 peir
998 3199 1066 3246 ero
1095 3169 1318 3270 sampingo,

394 3310 495 3384 enda
520 3339 563 3384 er
586 3338 625 3386 sa
647 3342 667 3386 a
687 3312 800 3412 pingi
827 3337 871 3385 er
891 3330 991 3386 sottr
1014 3337 1080 3402 er,
1111 3334 1158 3381 oc
1177 3307 1320 3409 qvepia

390 3457 464 3551 par
498 3450 545 3522 til
578 3447 838 3522 heimilisbua
868 3451 904 3526 V
932 3459 1018 3550 poss
1052 3473 1096 3522 er
1127 3464 1226 3521 sottr
1259 3473 1318 3539 er,

391 3615 438 3664 oc
472 3590 579 3664 scolo
614 3587 1070 3690 innanfiorpuogsmenn
1104 3588 1187 3690 lysa
1217 3586 1321 3692 fyrir

391 3727 738 3831 drottinsdaginn‚
770 3729 814 3806 ef
832 3725 920 3828 peir
945 3725 1117 3830 hyggio,
1149 3753 1198 3801 en
1221 3735 1272 3828 pa
1296 3753 1320 3801 o

391 3863 514 3940 hverr
542 3893 585 3942 er
613 3869 686 3942 vill
717 3868 822 3970 eptir
851 3865 1049 3970 haelgina,
1089 3863 1132 3940 ef
1155 3889 1193 3940 sa
1225 3891 1269 3939 er
1295 3891 1319 3938 a

390 3997 503 4102 pingi
516 4057 529 4094 ,
561 4031 606 4076 er
624 4024 723 4079 sottr
743 4033 802 4080 er.
862 4011 921 4080 En
945 4005 988 4116 ei
1003 4006 1113 4082 honn
1134 4030 1178 4078 er
1197 4001 1275 4104 eigi
1295 4030 1320 4076 a

389 4135 503 4238 pingi
515 4189 528 4226 ‚
560 4164 606 4210 oc
630 4166 674 4213 er
697 4161 777 4216 rett
795 4161 836 4218 at
854 4145 937 4248 lysa
957 4163 998 4219 at
1015 4143 1317 4242 Pinglausnom,

392 4299 439 4346 oe
465 4273 512 4346 til
536 4299 678 4348 sooner
702 4295 826 4352 annot
849 4305 985 4354 sumar
1010 4306 1056 4352 oc
1081 4279 1212 4352 bonna
1238 4277 1317 4368 ior,

393 4409 437 4486 ei
458 4413 548 4488 vill.
619 4417 675 4490 En
705 4415 749 4489 ef
773 4422 806 4492 11
835 4415 944 4492 satia
973 4416 1069 4490 eiun
1097 4443 1219 4492 mann
1248 4445 1319 4492 um

392 4559 501 4650 pann
522 4552 605 4642 lut,
636 4580 685 4629 oo
703 4583 725 4631 a
745 4581 785 4632 sa
807 4573 847 4632 ot
868 4564 963 4658 repa
985 4581 1029 4632 er
1046 4557 1155 4634 siukis
1177 4556 1248 4632 vill
1270 4554 1317 4632 til

389 4687 512 4790 iuga.

1378 642 1499 718 eccilio
1539 643 1747 740 puniatur,
1794 659 1885 742 quas
1926 659 2047 712 causa
2086 634 2262 732 defraudato

1378 807 1490 884 agere
1507 786 1697 880 competit.
1762 779 1836 879 Qui
1855 780 1892 852 si
1910 801 2024 877 agere
2043 773 2203 860 noluerit,
2219 779 2262 874 jus

1378 922 1517 1024 agendi
1539 922 1591 996 ad
1616 943 1873 1024 quemcunque
1900 939 2016 1016 agere
2042 914 2205 987 uolentem
2224 913 2264 986 de

1366 1061 1513 1166 fertur.
1572 1060 1718 1134 Nouem
1742 1059 1899 1133 veridici
1920 1062 1961 1130 in
1984 1057 2138 1130 comitiis
2153 1074 2265 1126 eusten-

1380 1214 1465 1288 tnr,
1494 1213 1534 1273 et
1553 1203 1680 1276 citatio
1701 1219 1835 1274 causae
1857 1195 2103 1272 adhibeatur.

1650 1440 1829 1527 Turonos
1865 1439 2043 1528 CXXI.

1475 1604 1545 1680 De
1578 1603 1798 1679 alearum
1825 1597 2205 1708 jactationibus.

1382 1725 1573 1888 Legibus
1596 1791 1734 1860 HOSli‘i'S
1755 1802 1912 1862 Gauium
1938 1801 2022 1872 est,
2054 1807 2103 1856 ne
2122 1781 2207 1854 cives
2223 1785 2268 1844 [ω.

1382 1949 1508 2012 seraS,
1528 1925 1580 1998 ad
1596 1925 1742 2000 lucrum
1761 1927 1997 2024 captandum
2018 1929 2175 1998 mittant.
2212 1912 2270 1986 Tes-

1383 2069 1479 2141 seris
1496 2065 1563 2138 tali
1575 2065 1684 2138 modo
1699 2063 1872 2138 ludentes
1888 2067 2005 2138 luant
2018 2062 2183 2137 exilium.
2213 2050 2269 2126 Nec

1384 2205 1480 2278 aleis
1503 2229 1574 2278 nec
1597 2203 1823 2278 latrunculis
1843 2205 2056 2279 ludendum
2075 2214 2133 2276 est
2144 2190 2270 2296 pecuniis

1383 2343 1560 2440 depositis
1593 2342 1769 2444 nullaque
1801 2343 1878 2418 alia
1912 2371 1982 2431 re,
2022 2367 2130 2444 quam
2157 2329 2267 2408 tatere,

1386 2507 1494 2582 quam
1531 2486 1703 2556 amittere
1737 2483 1908 2557 honrines
1942 2483 2168 2584 praeserunt.
2225 2463 2271 2562 Qtt'

1387 2619 1457 2693 tait
1490 2619 1600 2693 modo
1636 2621 1771 2694 ludens
1804 2629 1994 2724 pecunias
2032 2619 2093 2694 uel
2125 2615 2206 2690 alias
2232 2621 2270 2673 ns

1387 2757 1487 2832 aleoe
1501 2757 1668 2860 subjicit,
1686 2763 1844 2834 exilium
1861 2763 1960 2850 luat,
1981 2789 2055 2836 nec
2068 2753 2227 2858 pecunias
2237 2741 2271 2811 It·

1387 2913 1516 2972 cratas
1530 2901 1710 3000 exigendi
1718 2905 1808 3002 jure
1822 2901 1958 2992 (aiter)
1970 2899 2158 3004 gaudeam
2179 2901 2211 2962 at
2221 2899 2270 2954 nott

1386 3039 1585 3112 mittenda
1611 3043 1820 3130 (tesserae).
1890 3041 2073 3143 Ejusdem
2102 3017 2272 3137 quadrantis

1388 3179 1598 3252 incolarum
1622 3180 1831 3279 quicunque
1854 3181 2015 3253 uoluerit
2039 3183 2138 3252 hanc
2157 3177 2274 3244 causam

1387 3330 1501 3415 agat,
1531 3341 1638 3416 quam
1662 3321 1701 3388 in
1723 3325 1883 3392 comitiis
1906 3317 2148 3401 vernalibus,
2176 3303 2229 3379 ubi
2240 3301 2276 3388 (02

1386 3469 1495 3527 actor
1513 3471 1554 3528 et
1574 3461 1680 3547 reus)
1702 3484 1756 3529 eac
1774 3460 1904 3532 eadem
1926 3459 2123 3555 toparchia
2139 3458 2233 3527 sunt,
2253 3441 2278 3504 ³²

1387 3593 1448 3668 bic
1475 3598 1515 3664 in
1540 3599 1700 3667 comitiis
1726 3598 1856 3684 adest,
1890 3598 2119 3671 denuntiare
2131 3589 2199 3694 fas
2220 3584 2276 3652 tili

1387 3730 1441 3805 ibi
1458 3736 1570 3804 etiam
1590 3738 1746 3836 quinque
1764 3739 1864 3837 ejus,
1894 3741 1935 3810 in
1954 3764 2064 3840 quem
2084 3733 2215 3834 agitur,
2236 3711 2278 3788 ἅθ’

1386 3871 1516 3944 micilii
1544 3874 1690 3946 accolae
1720 3891 1937 3948 evocentur.
2004 3873 2183 3980 Ejusdem
2191 3914 2205 3950 ‚
2234 3857 2277 3946 (αθ

1386 4015 1517 4100 reus),
1551 4013 1769 4112 quadrantis
1791 4015 1955 4104 incolae,
1987 4021 2024 4088 si
2043 4035 2156 4118 agere
2174 3991 2280 4104 pamm

1383 4173 1542 4222 causam
1574 4167 1665 4224 ante
1696 4155 1921 4228 dominicam
1955 4155 2200 4229 denuntient,
2229 4143 2280 4230 4⁹4³

1382 4302 1565 4385 Peracta:
1593 4294 1807 4392 cuicunque
1825 4319 1936 4394 agene
1954 4294 2095 4367 uolenti
2111 4299 2219 4363 causa
2231 4263 2280 4339 di*

1375 4424 1530 4531 fertur,
1559 4430 1670 4501 modo
1688 4435 1727 4501 in
1745 4437 1905 4505 comitiis
1922 4433 2021 4504 adsit
2039 4453 2143 4506 reus.
2202 4393 2280 4514 Q⁹⁰d

1383 4569 1421 4638 si
1441 4570 1481 4638 in
1503 4569 1663 4642 comitiis
1685 4595 1762 4641 non
1784 4571 1971 4672 affuerit,
2000 4576 2045 4644 its
2067 4566 2198 4646 solutis
2216 4563 2280 4626 ΜΨ

1384 4727 1467 4778 sam
1502 4717 1640 4779 astate
1672 4707 1915 4808 subsequenti
1945 4711 2131 4813 agendam
2162 4701 2280 4776 denum

1386 4846 1482 4918 tiare
1493 4844 1568 4947 fas
1589 4861 1673 4935 est,
1704 4848 2004 4954 peregrinatione
2026 4855 2105 4940 rei,
2137 4847 2172 4919 si
2191 4833 2280 4932 agent

1381 4981 1559 5070 uoluerit,
1583 4987 1795 5059 interdicta.
1845 4987 2017 5062 Duorum
2037 4949 2109 5064 Irae
2126 4985 2173 5059 de
2188 4973 2280 5049 ctum

1301 5215 1302 5220 ἵ
1382 5147 1501 5194 unum
1531 5123 1764 5224 eundemque
1790 5131 1937 5200 actione
1965 5126 2215 5230 irffestantium
2236 5093 2280 5174 th

1379 5283 1518 5336 causae
1533 5266 1689 5364 proesit,
1720 5266 1781 5367 qui
1792 5268 1910 5367 juxta
1929 5265 2029 5369 leges
2047 5288 2156 5370 agere
2174 5247 2253 5336 uuit·

895 5471 1808 5519 m
