4574 6022
807 359 1187 469 -259-2-

51 637 98 688 oc
120 639 161 690 er
180 621 230 718 pu
254 627 335 692 rett
355 631 397 696 ut
415 613 506 717 peis
523 611 609 718 bipi
629 613 735 692 node
758 614 840 715 ¹)V
858 615 970 706 sicca
1033 621 1232 720 sepimenti
1265 619 1479 717 reficiendi,
1517 621 1591 696 nio:
1624 635 1762 700 terram
1796 629 1952 715 temne,

48 767 120 834 erui
139 759 181 836 si
197 759 349 876 sumu-i,
380 785 496 836 aomo
519 761 629 862 peim
653 787 693 837 se
712 787 776 838 sva
797 761 970 850 kunuict
1035 779 1081 840 ut
1104 764 1287 857 (accolit)
1310 769 1557 868 opperiuntur
1572 769 1643 869 sas
1668 783 1751 860 est,
1785 775 1953 875 quinque

48 905 140 987 lond
157 911 253 1010 pur,
283 899 366 982 seh
384 905 476 1012 peis
491 929 533 982 se
551 905 608 982 alt
625 911 710 1010 put.
1033 911 1154 988 donec
1177 920 1323 986 testatis
1344 911 1602 991 hebdomoda·
1611 920 1850 1013 proetcn'ere,
1879 922 1955 993 nisi

963 1124 966 1139 ,
1030 1057 1104 1134 noc
1127 1061 1350 1132 territorium
1372 1063 1417 1132 iis
1439 1073 1525 1132 torn·
1538 1073 1669 1134 notum
1687 1065 1758 1152 sit,
1785 1065 1869 1139 acsi
1884 1089 1951 1140 oc-

1030 1203 1264 1282 caustorum
1285 1204 1526 1278 lustrassent.

158 1342 491 1448 ²)[Etm21u-viu
506 1339 650 1424 hurum
665 1343 790 1448 scipta
806 1343 964 1438 ateius,
1143 1347 1189 1424 Si
1209 1353 1293 1450 qvis
1315 1347 1447 1423 domos
1471 1365 1618 1428 tuntum
1643 1349 1864 1428 distribuere
1887 1377 1953 1428 oo·

48 1515 90 1564 oc
112 1490 194 1564 scol
220 1487 331 1567 huon
356 1489 463 1565 finon
488 1487 593 1571 hino
606 1541 619 1581 ,
653 1495 703 1590 Iso
728 1515 773 1564 er
796 1493 831 1566 V
854 1489 967 1564 vicos
1032 1493 1167 1581 luerit,
1201 1497 1364 1596 quinque
1385 1499 1531 1570 aestatis
1552 1495 1849 1576 hebdomadibus
1870 1521 1953 1596 par

47 1661 111 1706 ero
129 1633 177 1708 af
190 1634 339 1727 samri,
370 1659 418 1708 oo
436 1632 555 1722 nefus
576 1659 640 1710 ser
655 1651 762 1708 natta
779 1651 820 1708 ut
838 1634 903 1734 pri
916 1649 967 1710 *ut
1031 1645 1129 1716 actis
1152 1640 1419 1716 condominam
1444 1663 1555 1714 suum
1580 1647 1809 1731 canuerunt,
1840 1657 1881 1718 et
1901 1657 1954 1718 te·

48 1779 152 1881 bipis
177 1775 289 1854 boun
312 1747 448 1854 heims
469 1803 565 1858 vera·
586 1807 609 1854 u
632 1777 833 1860 vicosresti
844 1831 859 1872 ,
892 1777 967 1881 epa
1031 1783 1153 1860 stibus
1178 1785 1339 1858 admotis
1363 1810 1449 1860 eum
1473 1787 1663 1884 postulet,
1697 1802 1743 1862 ut
1761 1803 1850 1886 post
1871 1793 1954 1862 uni·

51 1949 154 2000 coma
176 1933 229 2025 pa
255 1913 302 2014 tjil
325 1921 424 2000 huss
449 1922 612 2026 sciptis,
645 1921 689 1998 ei
707 1921 816 2000 huon
841 1951 861 1998 s
885 1923 965 2028 sigi
1031 1957 1115 2007 cam
1138 1921 1385 2030 septimanam
1404 1929 1507 2003 domi
1521 1954 1606 2005 sese
1625 1947 1775 2022 teneat,
1804 1933 1889 2022 acl,
1917 1937 1953 2008 si

53 2077 117 2170 par
131 2067 227 2160 τίεις
259 2067 369 2144 huon
386 2067 465 2144 soal
484 2068 628 2172 qvepia
646 2068 693 2144 til
711 2065 811 2146 husu
828 2069 966 2173 sciptis
1031 2075 1124 2150 alibi
1149 2081 1187 2150 ei
1202 2077 1329 2183 fuerit
1351 2075 1603 2165 domicilium,
1636 2082 1696 2168 (in
1723 2079 1853 2152 eodem
1880 2093 1952 2153 ter·

56 2215 122 2292 buu
141 2217 199 2307 V,
229 2217 284 2291 111
304 2231 457 2290 nottom
476 2221 564 2315 apr.
959 2259 963 2269 ·
1031 2225 1152 2312 mino)
1169 2221 1220 2294 ad
1235 2219 1398 2312 oedificia
1415 2220 1622 2296 dividunda
1640 2237 1832 2323 appareat.
1874 2224 1954 2296 Tri·

1032 2365 1105 2442 bus
1129 2381 1220 2440 ante
1244 2365 1486 2458 (divisionem
1512 2368 1809 2466 suscipiendam)
1835 2369 1953 2442 nocti-

1032 2511 1122 2600 bus,
1141 2515 1306 2614 quinque
1318 2511 1472 2588 accolas
1485 2513 1537 2586 ad
1548 2513 1788 2588 dividendum
1803 2527 1950 2588 evocet.

154 2657 220 2733 Nu
253 2651 324 2730 vill
358 2659 475 2755 ωορκ·
502 2653 639 2758 scipta,
656 2654 726 2756 rip
753 2679 896 2730 annun·
917 2652 965 2728 til
1142 2657 1189 2731 Si
1217 2663 1302 2757 qun
1330 2661 1431 2756 prati
1460 2662 1658 2732 stercorati
1685 2661 1951 2746 exteriorisae,

63 2801 185 2904 tignsr
217 2799 435 2902 topovalli‚
473 2809 547 2901 epa
580 2799 854 2904 engeteigom‚
892 2808 966 2902 epa
1031 2803 1096 2878 vel
1120 2801 1269 2875 litorum
1294 2803 1573 2878 condominium
1584 2853 1600 2888 ,
1638 2802 1820 2878 diuisione
1836 2805 1951 2904 facta

63 2971 203 3038 neom,
237 2953 288 3046 po
316 2945 395 3022 soal
423 2961 575 3021 stemnu
605 2942 715 3020 heim
744 2946 850 3020 svalt
876 2945 966 3020 vico
1030 2948 1289 3049 derelinquere
1306 2947 1483 3033 uoluerit,
1504 2945 1654 3019 domum
1672 2950 1817 3036 citatio,
1837 2953 1951 3023 unica

65 3091 171 3194 syris,
201 3117 254 3168 en
277 3090 378 3164 haar
398 3090 506 3166 ecolo
528 3088 707 3192 qvaddir·
722 3090 770 3164 til
790 3093 845 3164 111
864 3105 967 3164 nott·
1032 3117 1182 3192 semper
1200 3095 1241 3196 in
1264 3107 1503 3168 antecessum
1525 3089 1758 3168 hebdomade
1775 3095 1952 3192 manffes·

65 3261 114 3310 om
131 3247 217 3337 apr.
266 3233 319 3310 Ei
333 3244 448 3336 mapr
465 3235 537 3310 viil
558 3234 717 3338 engiom
738 3243 810 3334 epo
831 3241 966 3335 topom
1034 3251 1156 3327 tetur,
1184 3239 1254 3313 sed
1271 3223 1488 3313 accolarum
1511 3241 1682 3314 euocato
1700 3237 1821 3312 tribus
1838 3253 1952 3314 antea

65 3381 168 3486 scipta
195 3383 274 3457 latu
302 3383 372 3482 pst
396 3406 532 3456 sumar
557 3379 653 3471 eitt,
684 3388 756 3482 epu
784 3377 964 3482 heyiom,
1033 3383 1208 3459 noctibus
1231 3383 1320 3478 fiat.
1387 3385 1433 3456 Si
1458 3389 1541 3485 qais
1568 3385 1752 3458 divisione
1776 3409 1847 3481 per
1871 3389 1952 3456 uni-

63 3529 202 3626 pusca}
232 3549 314 3600 eun
345 3542 385 3602 et
412 3551 518 3604 sama
549 3523 673 3604 otiare
684 3579 701 3616 ,
737 3533 810 3625 epo
840 3525 965 3628 scipta
1032 3553 1117 3603 corn
1145 3543 1290 3602 tantum
1317 3544 1489 3604 aestotem
1516 3532 1705 3605 'seruanda
1727 3543 1861 3624 prata,
1889 3529 1955 3602 oei

65 3671 155 3773 eptir
169 3670 337 3774 ulpingi.
382 3673 448 3746 Nu
466 3670 537 3744 vill
558 3669 659 3743 hinn
679 3670 756 3772 eigi
776 3668 965 3745 handsata
1032 3677 1222 3747 exteriora
1234 3675 1301 3747 ael
1311 3687 1535 3758 stercorata,
1554 3672 1864 3768 ueletiamfoena
1878 3672 1952 3744 dis·

63 3816 167 3919 cogis
187 3817 343 3921 soiptit,
375 3823 426 3917 po
446 3816 554 3889 scolo
574 3811 902 3916 bnsrpo'scipta·
918 3815 965 3888 til
1034 3816 1196 3892 tribuere
1220 3817 1404 3904 voluerit,
1439 3815 1535 3889 idem
1563 3797 1755 3902 obtineat,
1792 3815 1857 3889 oet
1879 3819 1952 3913 pri·

60 3959 249 4038 hindana.
312 3965 403 4036 Rott
430 3987 474 4035 er
499 3984 546 4034 ac
573 3977 615 4035 at
640 3959 781 4070 qvepiu
811 3957 889 4034 hu'a
918 3959 964 4032 sil
1032 3987 1135 4037 nium
1159 3977 1248 4063 post
1269 3968 1420 4038 comitia
1442 3962 1637 4064 generalia
1657 3961 1840 4061 procedat
1861 3961 1953 4040 dioi-

60 4105 167 4210 scipto
186 4105 307 4199 cliro,
334 4103 634 4205 horvetna·pess
653 4129 697 4178 er
715 4087 837 4178 menn
856 4127 966 4179 eron
1033 4109 1107 4181 sio·
1165 4107 1210 4182 St
1231 4109 1330 4183 alter
1349 4133 1466 4183 manu
1482 4113 1620 4204 junctu
1640 4118 1832 4208 pratorum
1855 4109 1953 4182 divi·

60 4251 231 4353 eiginorp
258 4249 396 4343 sauir,
433 4249 534 4324 ends
564 4273 609 4324 er
641 4264 721 4324 rett
752 4265 792 4324 et
824 4249 966 4350 qvepie
1032 4255 1177 4328 sionem
1201 4255 1410 4329 concedere
1437 4254 1625 4342 noluerit,
1658 4255 1804 4331 accoloe
1828 4269 1952 4330 tamen

64 4419 165 4470 nsua
192 4393 436 4500 hoysoiptis,
465 4404 537 4497 epo
562 4393 703 4497 cugio,
734 4397 789 4468 111
812 4411 967 4470 nottom
1033 4396 1198 4472 sortibus
1223 4400 1347 4474 ductis
1375 4398 1616 4474 distribuant.
1685 4401 1794 4472 Inter
1816 4399 1954 4471 condo·

66 4535 137 4632 firi,
168 4567 217 4618 oc
240 4567 305 4618 sva
329 4541 480 4616 buono.
540 4538 592 4614 Et
610 4547 725 4641 mopr
748 4565 792 4614 er
815 4537 969 4641 qvaddr
1034 4547 1158 4618 minos
1189 4549 1361 4645 qvamvis
1391 4550 1619 4630 conveniat,
1655 4543 1746 4643 qaid
1769 4543 1953 4640 cujusque

63 4679 237 4790 loguipu
261 4685 307 4760 of
325 4685 427 4786 possi
452 4685 531 4762 mal
542 4736 557 4778 ‚
589 4709 635 4760 oc
660 4684 731 4758 vill
756 4683 867 4760 boun
887 4683 967 4787 εἰεί
1034 4693 1108 4778 sit,
1137 4689 1290 4766 accolas
1314 4702 1438 4762 tamen
1461 4689 1513 4762 ad
1533 4709 1664 4760 ornnes
1680 4682 1884 4758 divisiones
1902 4682 1953 4756 ia-

64 4821 255 4923 bannaia,
273 4837 322 4934 pu
340 4827 580 4932 vesprbuon
597 4831 730 4932 utlogr
744 4832 800 4904 111
815 4828 968 4924 merkr,
1031 4833 1140 4934 gales
1165 4857 1326 4908 evocare
1338 4833 1413 4936 sas
1438 4846 1511 4906 cst.
1581 4819 1833 4901 Tribus'antc
1858 4827 1954 4902 divi·

68 4969 153 5044 ends
176 5003 196 5048 a
218 4975 333 5049 doinr
355 4992 396 5049 ut
419 4974 534 5052 domu
558 5003 580 5052 a
603 4971 734 5050 hendr
757 4971 909 5050 honom
929 4989 972 5048 ot
1035 4979 1180 5052 sionem
1201 4975 1477 5073 suscipiendam
1500 4969 1674 5046 noctibus
1694 4971 1747 5046 ad
1754 4971 1871 5078 scena
1891 4975 1956 5052 acl

115 5257 638 5352 'Jecumuasieguewmu
722 5318 725 5326 ·
842 5298 847 5330 ι
1087 5263 1831 5356 ²)Qvoeuncistsnantuchunssnisomittit.
1892 5280 1895 5289 '

1608 5401 1731 5478 ΚΗ
