4638 6030
1163 381 1546 491 ...196-

644 687 813 775 CXIX.
852 687 1064 774 Csrtrum.
1652 663 1832 773 Trruzos
1870 685 2041 771 CXIX.

672 889 756 962 Um
786 885 1034 989 gripatac.
1383 885 1451 960 De
1478 882 1786 986 subreptione
1814 911 1973 961 rerum
2004 880 2264 979 (inculpata).

395 1045 473 1178 Ei
497 1108 612 1205 mtspr
639 1115 724 1176 teor
754 1099 842 1204 grip
870 1125 1014 1174 mannz
1042 1113 1083 1174 at
1111 1095 1314 1202 hibylum,
1384 1038 1555 1201 Siquis
1582 1125 1658 1174 nem
1685 1099 1850 1178 alienam
1879 1099 1935 1174 od
1959 1098 2065 1173 aecies
2090 1095 2212 1169 domini
2226 1117 2267 1166 u·

396 1277 443 1326 oc
466 1250 539 1326 vill
564 1247 676 1322 hann
701 1246 802 1320 calla
826 1271 889 1320 ser
909 1242 1103 1346 misfanga
1116 1297 1129 1336 ‚
1163 1243 1317 1344 pascal
1381 1251 1500 1346 perit,
1530 1271 1601 1344 per
1624 1245 1904 1345 subreptionem
1935 1243 2161 1341 inculpatam
2183 1263 2217 1312 se
2234 1241 2268 1308 itt

297 1492 302 1502 ¹
393 1393 505 1471 hann
531 1402 641 1495 Pann
669 1391 757 1494 grip
782 1389 873 1466 hasa
899 1408 988 1493 optr
1013 1389 1158 1463 borinn
1182 1417 1204 1462 a
1229 1388 1317 1462 vico
1348 1434 1349 1442 κ
1369 1394 1522 1498 fecisse
1537 1393 1804 1490 praetentiens,
1833 1393 1938 1467 hanc
1959 1418 2038 1465 rem
2060 1381 2267 1460 intrabebio-

395 1539 516 1652 fresti'
543 1545 615 1639 epr
648 1536 759 1640 fyrr,
804 1563 851 1610 oc
886 1535 981 1609 selia
1017 1535 1029 1608 i
1063 1533 1174 1608 hond
1208 1535 1317 1635 peim
1384 1539 1531 1612 madem
1551 1539 1610 1612 vel
1623 1543 1728 1636 prius
1748 1553 1929 1635 reportet,
1960 1534 2210 1636 reddatqveei,
2229 1527 2269 1626 qrt'

394 1685 535 1762 manni
571 1709 615 1758 er
649 1691 722 1785 ptr
754 1683 830 1786 hyr
863 1697 984 1772 otest,
1028 1680 1096 1782 psi
1134 1707 1178 1754 er
1212 1677 1317 1752 hinn
1381 1709 1570 1784 proxume
1591 1684 1643 1756 ad
1664 1683 1786 1757 locum
1806 1681 1981 1771 habitat,
2013 1679 2266 1756 ubiremerron

395 1832 536 1909 mistoc
560 1829 721 1934 gripinn
733 1883 747 1922 ,
779 1827 821 1903 ef
840 1825 942 1901 hinn
963 1853 1007 1900 er
1026 1826 1103 1930 rigi
1125 1834 1197 1927 por
1215 1851 1259 1900 er
1277 1853 1315 1900 a.
1383 1831 1562 1905 inductus
1587 1833 1766 1927 surripuit
1789 1829 1911 1916 alter,
1946 1833 1984 1902 si
2007 1827 2118 1902 modo
2141 1822 2268 1897 doninus

395 1983 460 2058 Nu
490 1977 562 2054 vill
591 2001 631 2051 sa
662 1974 740 2077 eigi
771 1973 840 2074 rip
870 1989 979 2065 tacu,
1017 1973 1177 2074 pascal
1207 1968 1318 2046 hanu
1385 2001 1462 2048 non
1480 1976 1593 2048 adsit.
1642 1972 1717 2048 Hic
1736 1979 1771 2046 si
1788 1979 1956 2074 recipere
1975 1974 2141 2048 noluerit
2154 1959 2270 2040 rende

395 2115 508 2201 heim
546 2120 638 2197 baia
674 2129 767 2220 mep
801 2145 888 2211 ser,
931 2143 978 2192 oe
1012 2117 1116 2219 segia
1153 2115 1201 2191 til
1235 2116 1320 2192 sins
1385 2146 1487 2194 mum
1512 2121 1673 2222 refluat,
1702 2121 1854 2221 ejusque
1877 2125 2076 2195 sustineat
2091 2108 2269 2214 periculum

395 2270 600 2360 heimilis‚
636 2290 682 2340 oe
708 2261 916 2366 abyrgiaz‚
951 2260 1051 2336 endo
1077 2260 1168 2335 hosa
1194 2261 1239 2334 til
1265 2261 1320 2334 al·
1382 2293 1572 2366 proxuma
1600 2291 1685 2340 vero
1711 2281 1847 2340 aestate
1874 2271 1916 2338 in
1943 2270 2099 2343 comitia
2124 2248 2270 2361 generalis

395 2416 534 2520 pinge,
567 2430 606 2487 et
627 2425 746 2484 naesta
769 2434 904 2482 sumar
922 2433 968 2480 oc
987 2381 1090 2508 segia
1113 2406 1160 2479 til
1179 2423 1220 2480 at
1239 2407 1321 2510 lisg-
1385 2438 1471 2486 eum
1501 2414 1729 2515 transferat,
1762 2427 1803 2487 et
1826 2414 1878 2486 ad
1905 2439 2039 2512 rupem
2062 2389 2271 2511 jurisdieundi

395 2559 524 2664 bergi.
584 2558 656 2632 Sva
675 2555 754 2629 scol
774 2553 882 2630 stibio
902 2579 983 2629 sem
1004 2581 1074 2628 um
1093 2551 1319 2656 aprarfiar-
1382 2557 1602 2657 proclamet.
1667 2559 1719 2632 Ut
1738 2559 1785 2632 de
1807 2563 1954 2659 rapinis
1977 2558 2079 2633 solet
2098 2551 2271 2625 instituatur

397 2707 552 2798 sotios,
586 2701 630 2778 ei
652 2709 766 2802 mapr
791 2699 874 2776 serr
897 2697 975 2804 eigi
1000 2725 1065 2774 sva
1087 2709 1202 2801 mels,
1236 2725 1318 2775 sem
1384 2707 1509 2791 actio,
1540 2708 1574 2776 si
1595 2707 1676 2806 qvis
1699 2707 1808 2778 modo
1822 2710 1985 2806 jamjam
2011 2705 2271 2777 memoratores

396 2883 456 2932 nu
473 2879 544 2930 var
563 2849 657 2942 tint,
689 2856 761 2948 epr
779 2871 862 2939 svo,
894 2843 939 2920 ef
952 2845 1030 2948 eigi
1052 2873 1095 2920 er
1114 2846 1317 2950 misfangi,
1384 2855 1523 2950 egerit,
1558 2849 1618 2924 rel
1640 2855 1676 2921 si
1699 2847 1890 2948 subreptio
1917 2850 2118 2949 inculpata
2144 2861 2209 2914 nou
2227 2825 2272 2902 ti·

395 3009 485 3104 pots
515 3021 579 3073 sva
612 3020 653 3070 se
686 2993 821 3069 collat.
888 2978 968 3075 Par
998 3021 1020 3066 a
1054 2991 1247 3095 misfanga
1280 3007 1321 3066 ot
1371 2993 1526 3097 fuerit,
1559 2999 1722 3098 qvamvis
1747 2999 2027 3094 praetendatur.
2097 2975 2273 3078 satiatis

395 3145 509 3235 bera,
537 3166 581 3214 er
599 3145 714 3238 mnpr
734 3137 821 3212 tekr
838 3145 924 3237 pess
943 3136 1043 3240 kyns
1064 3137 1152 3240 grip
1171 3165 1192 3212 a
1211 3136 1318 3230 brot,
1387 3167 1473 3216 nem
1502 3143 1732 3240 inculpatam
1761 3141 1814 3216 ibi
1839 3143 1977 3218 adesse
2006 3135 2202 3216 tenendum
2222 3129 2274 3202 etis

396 3311 480 3366 sem
502 3284 613 3358 hann
636 3283 725 3356 laetr
746 3282 851 3386 eptir
874 3281 888 3355 i
911 3307 1081 3385 vapnom
1106 3309 1185 3356 eun
1209 3281 1321 3360 hross
1388 3285 1455 3360 ubi
1480 3291 1559 3387 qvis
1586 3289 1754 3389 ejusdem
1781 3294 1930 3391 generis
1958 3316 2071 3364 arma
2101 3278 2227 3381 reliqui
2245 3285 2275 3338 ‘¹⁶

394 3442 484 3540 pess
516 3428 642 3534 kyns,
687 3452 770 3504 sem
804 3425 915 3503 hann
950 3427 1023 3504 atti
1058 3454 1105 3503 oo
1137 3453 1202 3506 sva
1236 3428 1318 3524 litt,
1386 3432 1535 3533 aufert,
1568 3439 1701 3533 aprum
1729 3461 1815 3508 vem
1840 3451 1880 3510 et
1903 3439 2076 3536 ejusdem
2100 3421 2235 3531 generis
2251 3419 2276 3482 et

397 3580 590 3661 endam
613 3601 683 3650 um
706 3572 800 3650 odra
825 3573 953 3679 gripi,
983 3600 1066 3650 sem
1085 3600 1205 3650 nuer
1224 3575 1319 3667 tint,
1385 3575 1524 3652 coloris
1552 3602 1599 3650 ac
1629 3581 1701 3676 ipsi
1711 3583 1823 3681 suit,·
1859 3582 1982 3681 quoad
2005 3581 2107 3655 alias
2132 3561 2278 3646 residem

394 3729 583 3806 hvart'er
605 3719 726 3827 kykte
751 3729 822 3825 eps
846 3721 958 3824 apsis
981 3720 1131 3824 gripir,
1165 3728 1216 3836 pis
1239 3721 1320 3795 scal
1387 3722 1510 3796 volem
1531 3749 1577 3797 ac
1599 3725 1661 3798 lu'c
1682 3724 1882 3819 definitur,-
1909 3727 1988 3798 sive
2007 3725 2159 3800 tandem
2174 3721 2280 3816 pt⁶0ffl

394 3869 509 3948 hann
539 3879 626 3972 pisso
658 3867 758 3974 kyns
792 3867 880 3976 grip
909 3895 931 3945 a
961 3868 1053 3944 brot
1079 3865 1199 3958 haia,
1238 3891 1321 3942 sem
1372 3869 1554 3969 suerint,
1586 3873 1663 3945 sive
1686 3893 1770 3957 res,
1803 3871 1971 3973 ejusdem
1991 3873 2145 3972 generis
2166 3868 2278 3936 remt¹⁶

394 4011 509 4088 brun
538 4011 637 4103 atti,
675 4035 721 4086 oc
751 4023 845 4113 mep
871 4015 981 4116 loeim
1010 4016 1082 4109 lit,
1121 4041 1168 4090 oc
1197 4021 1321 4116 erpo
1387 4019 1459 4114 ipsi
1471 4019 1577 4114 suit,
1610 4030 1651 4089 et
1673 4015 1840 4118 ejusdem
1869 4017 2005 4090 coloris
2034 4030 2179 4091 tantum
2201 3993 2279 4100 aust·

395 4155 508 4262 print
539 4153 625 4227 eins
657 4153 871 4257 misiangi,
917 4159 961 4232 ef
991 4159 1093 4234 buar
1124 4158 1222 4233 vilia
1254 4184 1321 4234 sva
1388 4176 1473 4246 rat,·
1506 4187 1574 4258 pro
1602 4159 1843 4260 subreptione
1872 4178 1998 4236 tamen
2028 4159 2216 4259 inculpata
2236 4163 2279 4214 5⁰·

394 4301 505 4438 ¹horit
525 4295 636 4372 hafa.
696 4298 753 4373 Oc
778 4297 821 4372 ef
839 4324 879 4374 sa
902 4309 1016 4403 mapt·
1039 4329 1081 4376 er
1102 4311 1210 4403 pann
1231 4303 1320 4406 grip
1387 4305 1575 4378 lummotio
1594 4306 1802 4395 habeatur,
1830 4312 1866 4382 si
1883 4308 2029 4384 aeeoloe
2050 4299 2202 4385 veridici
2216 4305 2278 4366 tum

398 4447 495 4538 atti,
529 4459 615 4520 tecr
641 4466 688 4517 oo
716 4440 810 4520 bins
838 4443 927 4548 grip
953 4462 994 4521 at
1018 4445 1238 4550 misfango,
1272 4474 1319 4524 oc
1386 4450 1554 4551 adfuisse
1572 4450 1797 4545 definierint.
1856 4453 1902 4526 Si
1917 4458 1973 4526 rei
1988 4467 2173 4555 surreptus
2189 4431 2281 4518 domi·

398 4593 477 4673 scol
496 4615 561 4666 sva
580 4585 758 4689 mepiara
778 4605 818 4664 et
835 4615 958 4685 suma,
985 4616 1067 4667 sem
1087 4591 1228 4668 hinom
1248 4621 1319 4670 vor
1384 4619 1459 4669 nus
1480 4596 1637 4670 alterius
1659 4622 1735 4672 rem
1757 4623 1829 4698 per
1844 4603 2118 4696 surreptionem
2138 4584 2281 4682 insulta·

332 4813 339 4822 ,
397 4749 472 4840 apr
498 4736 547 4812 til
573 4727 706 4807 handu
735 4732 848 4826 tatii,
886 4757 933 4808 oc
961 4759 1004 4808 er
1031 4743 1106 4840 por
1132 4734 1318 4814 hvarom·
1385 4755 1461 4816 tam
1484 4746 1595 4816 etiam
1617 4741 1837 4832 abstulerit,
1868 4771 1928 4820 res
1948 4748 2078 4821 eodem
2101 4740 2207 4820 modo
2225 4745 2281 4804 m0'

398 4882 552 4988 tveggia
575 4875 777 4982 missiflnssi·
1384 4888 1557 4976 deretur,
1595 4915 1641 4964 ac
1670 4892 1792 4990 quoad
1817 4891 1936 4966 alium
1964 4909 2077 4966 anteo
2105 4881 2280 4985 definitus·

1382 5038 1660 5132 surreptionem.
1693 5035 1924 5136 inculpatam
1962 5051 2113 5139 uterque
2149 5030 2200 5106 ibi
2229 5013 2281 5093 at·

1380 5182 1505 5252 mittit.

507 5311 559 5392 Ei
581 5318 695 5414 mspr
723 5313 809 5388 tekr
837 5315 925 5421 grip
952 5343 1097 5395 annars
1122 5343 1265 5396 mannz
1290 5347 1314 5397 a
1491 5325 1536 5398 Si
1555 5331 1635 5430 qvis
1656 5354 1735 5404 tem
1759 5329 1922 5404 alienam
1945 5334 1986 5402 in
2009 5333 2167 5408 comitiis
2184 5329 2281 5426 geute
